2150 3125
179 242 229 297 001
355 243 389 294 L.
424 240 579 295 ANNAEI
598 237 791 292 SENECAE

181 349 247 402 1315
258 361 357 401 sucu.
369 346 519 414 Compesce
532 343 659 395 uenum
674 344 785 466 sgitem,
797 349 827 396 et
839 360 990 398 aemmnas

703 429 775 478 omn,

256 484 389 552 Malisqne
399 484 483 535 tantis
492 483 640 535 Herculem
651 484 813 536 indomitum
824 483 907 547 refer,

256 555 429 622 Mortemque
439 555 530 615 vince,
542 554 614 621 quod
625 552 710 618 soles;
720 556 800 605 vinee
810 553 932 606 interos!

257 637 356 675 usae.
368 621 397 675 Si
407 638 450 675 nne
462 624 565 674 catenis
577 622 705 674 horridus
714 625 835 676 vinctum
845 625 900 676 suis

257 692 406 745 Praeberet
416 692 511 744 avidae
523 693 661 745 Caucasus
670 692 775 744 voiuen'
785 693 897 760 dapem:

180 764 246 816 1380
257 761 372 830 Scythia
382 768 507 830 gemente
519 760 615 814 flebilis
625 763 742 831 gemitus
752 762 819 814 mihi

257 831 318 884 Non
330 833 473 883 extitisset.
510 829 539 881 Si
548 847 635 900 vagae
645 830 843 901 Symplegades

261 903 380 969 Utraque
392 907 547 968 premerent
556 916 637 969 rupe:
647 901 788 953 redeuntis
799 905 887 954 mines

261 972 369 1024 Ferrem
381 972 483 1022 ruinae.
518 969 621 1022 Pindus
630 971 772 1023 incumbat
782 971 847 1023 mibi

257 1043 344 1108 Atque
357 1042 478 1093 Haemus
489 1045 518 1091 et
546 1042 574 1090 ui
583 1039 717 1092 Thracios
729 1040 828 1092 fluctus
838 1041 927 1094 Athos

181 1109 247 1162 1385
258 1111 385 1178 Frangit,
396 1110 522 1176 lorisque
575 1125 634 1160 men
644 1111 785 1162 excutiens
794 1111 908 1162 Mimas!

260 1179 321 1232 Non
332 1182 390 1247 ipse
400 1181 423 1230 si
434 1180 461 1229 in
472 1194 529 1240 me,
541 1185 642 1242 mater,
653 1177 699 1231 hic
709 1180 824 1233 mundus
835 1189 908 1243 ruat,

259 1249 400 1317 Superque
412 1255 522 1300 nostros
532 1248 632 1317 flagret
640 1251 767 1302 incensus
777 1256 855 1302 toros

259 1317 404 1373 Phoebeus
415 1320 487 1381 axla,
498 1319 618 1386 degener
627 1324 745 1370 mentem
755 1320 883 1373 Herculis

260 1389 512 1442 Clamordomaret.
548 1388 622 1441 Mille
633 1389 780 1441 decurrant
788 1389 875 1454 ferae,

181 1459 248 1513 1300
258 1459 419 1526 Pariter-que
429 1457 564 1521 lacerent3
575 1455 638 1510 hinc
648 1458 714 1511 ieris
726 1458 900 1527 clangoribus

259 1526 387 1581 Aetheria
396 1542 440 1578 me
452 1524 634 1596 Stymphalis,
645 1525 810 1582 binctanms
821 1532 913 1583 nrinu

258 1600 369 1652 Ger-rice
380 1602 441 1648 tota
452 1597 554 1664 puiset3
566 1605 594 1649 st
604 1599 733 1666 quidquid
742 1598 795 1651 tun

261 1666 356 1721 Solum
367 1682 475 1736 quoque
485 1669 595 1737 ingens,
606 1674 702 1735 surgat
711 1666 774 1720 bino
781 1669 855 1721 illine
864 1672 958 1723 simui!

260 1741 394 1807 uirtusque
405 1744 516 1790 nostros
526 1737 602 1789 dirus
612 1739 743 1790 imunittat
753 1736 839 1804 Sinis3

182 1807 250 1860 1301
263 1807 380 1875 Sparsus
391 1807 484 1860 silebo.
519 1806 582 1860 Non
592 1807 669 1860 ferae
680 1810 820 1861 excutient
829 1808 904 1873 mihi,

260 1876 322 1931 Non
334 1893 411 1929 arma
421 1878 552 1945 gemitus,
562 1876 613 1939 nil,
625 1878 699 1947 quod
708 1878 811 1945 impelii
820 1887 923 1946 potest.

263 1962 362 1999 sucu.
373 1946 436 1999 Non
447 1948 520 1997 virus
532 1952 617 2010 artus,
627 1953 721 2016 gnate
727 1948 875 2000 femineum
881 1950 988 2019 coquit;

263 2017 318 2071 sen
329 2018 398 2069 dura
407 2019 491 2069 series
503 2017 594 2084 operis
605 2021 634 2068 et
643 2016 741 2085 iongus
751 2018 800 2068 tibi

260 2088 340 2140 Parit
351 2093 478 2139 cruentos
489 2085 605 2138 forsitan
614 2087 726 2138 morbos
736 2086 821 2139 labor.

182 2160 250 2210 1100
261 2171 363 2210 nnnc.
374 2157 425 2209 Ubi
435 2156 563 2219 Morbus,
574 2155 683 2207 ubinam
693 2156 792 2220 Pestis,
804 2160 881 2210 autsi
887 2159 989 2228 aliquid
1067 2155 1068 2206 ἶ

717 2228 781 2278 maii

262 2295 355 2349 Adbuc
364 2298 392 2347 in
404 2296 470 2347 orbe
482 2294 541 2347 esti
560 2294 673 2347 Veniat!
690 2324 722 2335 -
734 2297 797 2349 Huc
812 2298 909 2365 uliquis
925 2297 987 2350 mibi

261 2366 388 2417 intendat
399 2363 491 2417 arcus!
503 2395 534 2403 -
546 2363 627 2416 Nuda
637 2366 755 2417 sufficiet
765 2382 868 2418 manus.

263 2435 413 2498 Procedet,
425 2435 554 2503 agedum,
565 2432 631 2487 huoi
653 2449 751 2487 soors.
769 2437 824 2488 Hei
838 2436 918 2500 mihi,
930 2454 987 2490 sen·

602 2520 662 2555 sum
673 2520 782 2575 quoque

265 2572 394 2622 Excussit
402 2572 440 2624 illi
451 2573 549 2624 nimius
557 2574 701 2641 impulsum
723 2575 809 2627 dolor.

186 2640 252 2689 1105
267 2640 429 2703 Renovate,
442 2656 558 2709 quaeso,
569 2643 637 2704 teia,
648 2649 677 2695 et
685 2644 814 2707 infestas,
824 2661 935 2712 precor,

265 2708 362 2772 Rapite
370 2706 432 2759 hine
445 2712 574 2777 sagittas:
585 2713 648 2779 igne
659 2713 779 2765 suffusae
789 2729 877 2780 genae

268 2774 362 2825 Scelus
372 2779 516 2828 minantur.
553 2782 627 2840 Quas
638 2790 730 2848 petam
739 2784 861 2835 latebras
871 2787 956 2837 anusi
1067 2777 1068 2794 ³
