2150 3125
174 199 224 249 262
362 198 395 247 L.
416 196 570 247 ΑΝΝΑΕΙ
592 194 784 249 SENECAE

234 316 329 353 carr.
340 301 481 367 Rapienda
491 301 572 352 rebus
582 302 609 352 iu
621 300 698 352 malis
709 316 841 368 praeceps
854 304 897 352 via
907 310 957 353 est.

175 372 222 421 155
233 388 250 422 u
258 386 299 423 ur
306 387 332 421 a.
343 373 378 421 ht
387 379 415 422 te
425 369 551 422 rellcctat
562 372 640 421 couiu
661 372 683 421 's
695 386 792 423 nomen
805 386 921 422 sacrum.

234 455 332 493 cerr.
344 442 446 493 Decem
456 456 506 509 pcr
516 455 601 492 annos
617 442 642 490 vl
662 455 698 492 ua
713 443 855 508 respiciam
871 440 976 491 viruml

232 525 333 561 sura.
344 512 500 562 Meminisse
511 509 594 562 debes
605 509 706 561 sobolis
717 524 751 562 er
760 510 806 562 illo
816 517 889 561 tuae.

235 594 331 631 carr.
344 580 475 648 Equidem
485 584 515 630 et
522 580 627 649 iugales
640 580 711 631 filiae
722 579 927 645 meminissem,

233 652 270 701 Et
279 666 408 717 generum
418 647 556 701 Achillem.
591 651 735 702 Praestitit
745 652 824 701 matri
838 650 931 703 iidem!

179 721 224 771 ltili
235 734 252 769 u
259 734 277 770 u
284 734 302 769 r
309 735 335 771 a.
346 720 472 772 Redemit
481 719 528 770 illa
538 719 632 771 classis
642 721 772 771 immotae
783 735 883 784 moras,

235 791 272 841 Et
282 791 369 840 maria
379 791 457 857 pigro
468 790 523 840 lixa
532 790 665 859 languore
673 790 788 857 impulit

237 874 333 911 carr.
343 860 423 927 Piget
434 856 575 927 doletque!
595 860 745 926 Tyndaris,
757 860 825 911 coeli
836 874 932 928 genua

234 930 360 981 Lustrale
372 930 451 981 classi
466 930 585 980 Doricae
596 930 690 997 peperi
702 928 796 997 caput!

233 1000 357 1051 Resolvit
367 1000 473 1050 animus
480 999 592 1066 virginis
602 997 738 1051 thalamos
749 1014 834 1062 meae,

174 1068 224 1120 loo
235 1070 309 1131 Quos
319 1069 364 1120 ille
374 1069 470 1137 dignos
480 1068 594 1135 Pelopia
603 1068 669 1119 facit
679 1069 771 1132 domo,

234 1140 302 1191 Cum
312 1140 391 1191 stetit
400 1138 435 1189 ad
446 1153 508 1189 aras
521 1153 568 1189 ore
580 1139 705 1189 sacrifico
717 1145 796 1205 pater

235 1209 322 1271 Quam
334 1205 481 1276 nuptialesl
503 1208 618 1258 Horruit
629 1205 744 1259 Calchas
754 1222 821 1261 suae

233 1280 375 1346 Responsa
384 1279 460 1329 vocis
472 1283 501 1328 et
510 1277 671 1329 recedentes
682 1276 769 1329 focos.

235 1349 258 1400 Ο
270 1349 375 1400 scelera
385 1363 493 1415 semper
502 1346 650 1399 sceleribus
661 1348 771 1399 vincens
783 1345 892 1399 domus!

3 1415 32 1475 V
49 1396 118 1481 75
160 1407 169 1482 l
179 1423 224 1472 lto
236 1422 339 1471 cruore
348 1424 444 1470 ventos
454 1418 581 1480 emimus,
590 1416 691 1469 bellum
701 1432 776 1469 nece.

4 1486 29 1495 ”
233 1503 335 1540 sura.
347 1486 401 1540 Sed
412 1487 473 1539 vela
483 1488 587 1554 pariter
596 1487 668 1539 mille
679 1486 805 1539 fecerunt
815 1492 897 1539 rates.

236 1574 334 1612 carr.
343 1556 405 1610 Νοιι
416 1565 458 1611 est
469 1556 559 1610 soluta
570 1573 701 1630 prospero
714 1558 806 1609 classis
817 1556 882 1610 deo:

235 1631 324 1682 Eiecit
332 1628 406 1680 Aulis
416 1628 513 1695 impias
524 1633 606 1695 portu
616 1634 699 1679 rates.

235 1699 281 1750 Sic
291 1699 447 1766 auspicatus
455 1697 528 1749 bella
537 1713 591 1748 non
603 1697 699 1748 mellus
709 1698 787 1764 gerit.

178 1771 224 1821 lle
235 1772 332 1821 Amore
346 1775 444 1835 ceptae
455 1773 564 1834 captus,
576 1769 704 1818 immotus
716 1781 806 1834 prece.

236 1837 377 1894 Sminthea
386 1839 475 1890 tenuit
483 1837 570 1905 spolia
582 1835 703 1888 Phoebei
713 1838 794 1899 senis,

233 1908 336 1961 Ardere
348 1923 442 1959 sacrae
451 1908 562 1975 virginis
572 1907 625 1957 iam
637 1913 694 1958 tum
705 1905 805 1958 lurcos.

233 1978 294 2030 Nou
304 1977 378 2028 illum
389 1976 505 2028 Achilles
515 1975 594 2027 llexit
603 1977 749 2028 indomitus
760 1977 852 2040 minls;

234 2048 296 2100 Non
305 2048 365 2110 ille,
377 2048 451 2099 solus
461 2046 518 2098 fato
529 2047 574 2114 qui
585 2046 676 2097 mundi
686 2045 769 2109 videt,

176 2121 224 2170 18⁰
234 2120 265 2170 ln
275 2134 325 2170 nos
336 2117 423 2168 fidelis
434 2132 534 2186 augur,
545 2117 572 2166 in
584 2121 678 2183 captas
689 2113 770 2178 leris;

234 2188 295 2241 Non
306 2187 421 2255 populus
432 2201 528 2255 aeger,
540 2192 568 2237 et
579 2184 731 2237 relucentes
742 2185 815 2254 rogis

233 2261 308 2311 luter
318 2257 421 2308 ruentis
433 2255 567 2308 Graeciae
578 2261 698 2324 stragem
708 2253 829 2306 ultimam

234 2327 298 2380 Siue
308 2325 388 2378 hoste
398 2327 485 2378 victus
497 2330 601 2377 marcet
611 2341 643 2376 ac
655 2324 755 2377 Veneri
765 2329 856 2388 vacat,

233 2399 407 2465 Reparatque
420 2412 539 2460 amores3
551 2411 618 2446 neve
630 2395 753 2446 desertus
763 2393 837 2445 leret
1073 2443 1074 2462 ᾗ

176 2469 224 2518 185
236 2470 256 2518 Α
268 2465 364 2532 pellice
374 2482 492 2534 unquam
503 2464 622 2516 barbara
633 2463 742 2515 coelebs
753 2469 839 2525 torus,
1073 2465 1074 2480 ¹

233 2537 360 2586 Ablatam
369 2535 464 2587 Achilli
478 2535 566 2604 diligit
575 2533 753 2600 Lyrnessida,

235 2605 295 2654 Nec
305 2619 402 2668 rapere
414 2605 509 2673 puduit
519 2618 535 2654 e
545 2604 604 2654 sinu
617 2602 737 2654 avulsam
745 2601 804 2654 riri.

233 2675 275 2723 {ln
287 2673 393 2722 Paridis
404 2673 523 2724 hostem!
545 2672 637 2730 Nunc,
648 2687 748 2724 novum
759 2668 854 2722 minus
870 2685 983 2737 gerens,

235 2745 332 2792 Amore
342 2739 481 2809 Phrygiae
491 2742 560 2792 vati
571 2743 696 2792 incensus
708 2741 786 2806 hrrlt3
1073 2741 1074 2744 ¹
