2150 3125
207 168 256 220 ita
370 166 404 220 L.
431 165 588 219 ANNAEI
608 164 800 219 SENECAE

267 271 396 323 Cecidere
406 268 528 323 Thebae.
564 270 641 322 Vidit
650 270 748 321 Eetion
760 273 820 339 capi

268 340 324 392 Sua
334 356 420 409 regna
430 342 527 393 victus.
564 340 646 391 Clade
658 339 789 392 subversa
799 346 842 392 est
851 340 909 408 pari

208 412 257 461 aab
269 411 399 476 Imposita
409 410 482 462 celso
493 424 578 476 parva
588 409 742 475 Lyrnessos
752 410 831 479 iugo;

203 478 206 483 '
266 482 405 546 Captaque
415 478 494 530 tellus
505 477 602 529 nobilis
612 478 745 541 Briseide,

266 551 315 609 Et,
327 564 411 599 causa
418 548 474 599 litis
485 548 609 615 regibus,
622 544 726 614 Chryse
736 548 817 612 iacet,

266 620 303 669 Et
312 625 379 669 nota
387 616 462 668 fama
472 617 615 679 Tenedos,
626 622 668 679 et,
680 631 750 683 quae
761 632 863 684 pascuo

265 688 414 739 Foecunda
424 687 514 754 pingui
527 684 662 737 Thracios
672 688 759 737 nutn't
769 702 875 755 greges,

207 759 258 809 23⁰
270 756 370 823 Syros,
382 756 536 823 fretumque
546 754 653 805 Lesbos
663 756 799 823 Aegaeum
810 772 916 821 secans,

266 828 303 878 Et
312 842 377 877 cara
386 822 499 877 Phoebo
512 824 588 875 Gilla.
625 824 709 887 Quid,
721 840 787 890 quas
798 824 884 875 adluit

267 896 365 949 Vernis
377 897 484 962 Caycus
495 894 629 962 gurgitem
642 893 769 945 attollens
781 893 874 963 aquisl

267 966 346 1017 llaec
356 971 434 1015 tanta
444 964 537 1015 clades
548 964 668 1031 gentium
680 978 713 1013 ac
723 969 816 1015 tantus
828 979 922 1031 pavor,

268 1034 386 1102 Sparsae
397 1041 440 1086 tot
450 1034 545 1095 urbes,
556 1032 672 1082 turbinis
683 1034 753 1083 vasti
764 1034 855 1097 modo,

209 1106 258 1157 235
271 1106 387 1156 Alterius
399 1111 491 1156 essent
501 1102 588 1169 gloria
598 1117 631 1153 ac
641 1117 774 1153 summum
786 1102 883 1168 decus3

268 1175 326 1225 lter
336 1179 380 1225 est
389 1171 499 1236 Achilli3
512 1172 553 1222 sic
562 1186 638 1221 meus
650 1173 725 1223 venit
735 1177 822 1239 peter,

268 1245 305 1295 Et
316 1249 394 1295 tanta
404 1243 490 1311 gessit
498 1240 584 1302 bella,
596 1241 658 1291 dum
669 1239 767 1291 bellum
780 1249 867 1308 parat.

268 1314 304 1365 Ut
314 1313 368 1364 alia
377 1313 470 1363 sileam
481 1311 592 1373 merita,
603 1324 657 1361 non
668 1326 737 1361 unus
748 1311 813 1361 satis

272 1384 379 1434 Hector
387 1378 501 1432 fuisseti
521 1380 598 1431 Ilium
610 1380 677 1429 vicit
686 1386 773 1446 pater,

210 1455 259 1505 24⁰
270 1452 328 1504 Vos
339 1452 467 1502 diruistis.
503 1448 614 1501 Inclitas
624 1447 719 1499 laudes
728 1450 805 1501 iuvat

270 1524 306 1574 Et
316 1521 391 1574 iacta
400 1521 489 1588 magni
502 1520 577 1572 clara
588 1518 719 1586 genitoris
731 1519 817 1588 sequi.

201 1645 204 1650 ,
270 1593 357 1643 lacuit
368 1598 505 1659 peremtus
515 1591 622 1640 Hector
633 1594 696 1640 ante
708 1587 801 1640 oculos
811 1589 896 1655 patris

270 1662 417 1729 Patroique
427 1661 570 1720 Memnon,
583 1660 659 1708 cuius
670 1658 704 1707 ob
715 1657 816 1709 luctum
829 1673 926 1725 parens

276 1730 398 1782 Pallente
407 1735 541 1780 moestum
555 1727 667 1794 protulit
676 1727 751 1778 vultu
763 1728 848 1790 diem;

210 1801 260 1850 245
273 1799 374 1868 Suique
384 1801 474 1849 victor
484 1799 575 1864 operis
585 1796 737 1863 exemplum
748 1795 862 1858 horruit,

269 1869 426 1936 Didicitque
437 1865 569 1930 Achilles,
582 1871 611 1916 et
623 1865 676 1916 dea
686 1872 766 1917 natos
777 1868 854 1918 mori.

271 1941 342 1989 Tum
353 1953 437 1989 saeva
446 1932 799 2003 Amazouultimsmcecidit
807 1937 898 1986 timor.

271 2008 363 2059 Debes
373 2005 480 2068 Achilli,
490 2007 589 2056 merita
600 2006 622 2055 si
633 2005 713 2073 digne
724 2007 861 2074 aestimas,

271 2079 330 2128 Etsi
341 2077 466 2142 Mycenis
477 2077 519 2126 rlr
538 2077 608 2126 'nem
619 2080 700 2142 atque
712 2076 790 2142 Argis
803 2081 886 2142 petat.

212 2146 262 2196 25⁰
273 2146 423 2198 Dubitatur
432 2147 514 2198 etiam
553 2145 655 2212 placita
664 2160 735 2194 nunc
745 2141 835 2196 subito
845 2146 994 2213 improbas,

271 2216 426 2283 Priamique
436 2221 528 2267 natam
538 2213 613 2266 Pelei
623 2219 705 2282 gnato
717 2213 803 2265 ferum

270 2286 394 2339 Mactare
406 2283 511 2336 credis!
531 2286 566 2335 At
576 2290 650 2340 tuam
661 2289 771 2352 gnatam
784 2300 880 2351 parens

272 2355 394 2407 Helenae
404 2354 564 2406 immolasti:
576 2353 656 2406 solita
664 2355 718 2406 iam
731 2359 759 2404 et
769 2352 844 2405 facta
855 2359 963 2421 expeto.

273 2439 370 2476 nonu.
382 2424 499 2476 iuvenile
510 2425 604 2476 vitium
616 2429 658 2476 est
667 2439 763 2492 regere
773 2440 826 2475 non
837 2439 917 2490 posse
927 2424 1010 2491 impe-

753 2499 806 2545 tus.

216 2565 264 2614 255
275 2564 379 2614 Aetatis
391 2561 458 2613 alios
468 2561 561 2614 ferror
571 2560 615 2612 hic
626 2563 729 2627 primae
740 2565 821 2630 rapit,

274 2628 407 2696 Pyrrhum
419 2637 555 2697 paternus.
593 2629 708 2698 Spiritus
717 2633 853 2698 quondam
862 2638 954 2684 truces

274 2702 416 2765 Minusque
427 2700 522 2750 tumidi
533 2700 622 2751 lenius
633 2701 766 2752 Aeacidae
777 2702 834 2752 tuli.
