<?xml version="1.0" encoding="UTF-8"?>
<!DOCTYPE html PUBLIC "-//W3C//DTD XHTML 1.0 Transitional//EN"
    "http://www.w3.org/TR/xhtml1/DTD/xhtml1-transitional.dtd">
<html xmlns="http://www.w3.org/1999/xhtml" xml:lang="en" lang="en">
 <head>
  <title>
</title>
<meta http-equiv="Content-Type" content="text/html;charset=utf-8" />
  <meta name='ocr-system' content='tesseract 3.04.00' />
  <meta name='ocr-capabilities' content='ocr_page ocr_carea ocr_par ocr_line ocrx_word'/>
</head>
<body>
  <div class='ocr_page' id='page_1' title='image "./lannaeisenecaet05senegoog_0323.png"; bbox 0 0 2150 3125; ppageno 0'>
   <div class='ocr_carea' id='block_1_1' title="bbox 149 213 874 268">
    <p class='ocr_par' dir='ltr' id='par_1_1' title="bbox 149 213 874 268">
     <span class='ocr_line' id='line_1_1' title="bbox 149 213 874 268; baseline 0.001 -3"><span class='ocrx_word' id='word_1_1' title='bbox 149 213 375 266; x_wconf 81' lang='lat' dir='ltr'>HERCULES</span> <span class='ocrx_word' id='word_1_2' title='bbox 404 215 607 266; x_wconf 68' lang='lat' dir='ltr'>oeneus.</span> <span class='ocrx_word' id='word_1_3' title='bbox 638 216 725 266; x_wconf 75' lang='lat' dir='ltr'>sel.</span> <span class='ocrx_word' id='word_1_4' title='bbox 745 217 780 266; x_wconf 93' lang='lat' dir='ltr'>lll</span> <span class='ocrx_word' id='word_1_5' title='bbox 824 216 874 268; x_wconf 79' lang='grc'>319</span> 
     </span>
    </p>
   </div>
   <div class='ocr_carea' id='block_1_2' title="bbox 31 315 877 2833">
    <p class='ocr_par' dir='ltr' id='par_1_2' title="bbox 74 315 769 386">
     <span class='ocr_line' id='line_1_2' title="bbox 74 315 769 386; baseline 0.001 -16"><span class='ocrx_word' id='word_1_6' title='bbox 74 323 145 371; x_wconf 72' lang='lat' dir='ltr'>elme</span> <span class='ocrx_word' id='word_1_7' title='bbox 154 320 214 386; x_wconf 80' lang='lat' dir='ltr'>ipsa</span> <span class='ocrx_word' id='word_1_8' title='bbox 224 319 346 369; x_wconf 81' lang='lat' dir='ltr'>damnor.</span> <span class='ocrx_word' id='word_1_9' title='bbox 382 319 485 386; x_wconf 79' lang='lat' dir='ltr'>Purget</span> <span class='ocrx_word' id='word_1_10' title='bbox 496 315 545 368; x_wconf 82' lang='lat' dir='ltr'>hus</span> <span class='ocrx_word' id='word_1_11' title='bbox 556 318 655 368; x_wconf 91' lang='lat' dir='ltr'>Pluton</span> <span class='ocrx_word' id='word_1_12' title='bbox 666 334 769 371; x_wconf 78' lang='lat' dir='ltr'>manus.</span> 
     </span>
    </p>

    <p class='ocr_par' dir='ltr' id='par_1_3' title="bbox 31 384 679 455">
     <span class='ocr_line' id='line_1_3' title="bbox 31 384 679 455; baseline -0.005 -14"><span class='ocrx_word' id='word_1_13' title='bbox 31 414 33 418; x_wconf 95' lang='lat'>·</span> <span class='ocrx_word' id='word_1_14' title='bbox 74 389 157 441; x_wconf 81' lang='lat' dir='ltr'>Stebo</span> <span class='ocrx_word' id='word_1_15' title='bbox 169 394 232 440; x_wconf 82' lang='lat' dir='ltr'>aute</span> <span class='ocrx_word' id='word_1_16' title='bbox 243 390 329 455; x_wconf 77' lang='lat' dir='ltr'>ripas,</span> <span class='ocrx_word' id='word_1_17' title='bbox 340 389 483 438; x_wconf 86' lang='lat' dir='ltr'>immemor</span> <span class='ocrx_word' id='word_1_18' title='bbox 494 384 596 449; x_wconf 85' lang='lat' dir='ltr'>Lethe,</span> <span class='ocrx_word' id='word_1_19' title='bbox 608 394 679 452; x_wconf 65' lang='lat' dir='ltr'>uras,</span> 
     </span>
    </p>

    <p class='ocr_par' dir='ltr' id='par_1_4' title="bbox 75 458 712 526">
     <span class='ocr_line' id='line_1_4' title="bbox 75 458 712 526; baseline 0 -16"><span class='ocrx_word' id='word_1_20' title='bbox 75 463 110 511; x_wconf 82' lang='lat' dir='ltr'>Et</span> <span class='ocrx_word' id='word_1_21' title='bbox 120 459 215 510; x_wconf 87' lang='lat' dir='ltr'>umbra</span> <span class='ocrx_word' id='word_1_22' title='bbox 224 459 310 508; x_wconf 83' lang='lat' dir='ltr'>tristis</span> <span class='ocrx_word' id='word_1_23' title='bbox 321 459 464 526; x_wconf 84' lang='lat' dir='ltr'>coniugem</span> <span class='ocrx_word' id='word_1_24' title='bbox 477 458 612 523; x_wconf 71' lang='lat' dir='ltr'>excipiam</span> <span class='ocrx_word' id='word_1_25' title='bbox 621 472 712 510; x_wconf 78' lang='lat' dir='ltr'>meum</span> 
     </span>
    </p>

    <p class='ocr_par' dir='ltr' id='par_1_5' title="bbox 74 528 876 732">
     <span class='ocr_line' id='line_1_5' title="bbox 74 528 671 596; baseline -0.003 -16"><span class='ocrx_word' id='word_1_26' title='bbox 74 529 128 580; x_wconf 85' lang='lat' dir='ltr'>Sed</span> <span class='ocrx_word' id='word_1_27' title='bbox 138 535 181 590; x_wconf 88' lang='lat' dir='ltr'>tu,</span> <span class='ocrx_word' id='word_1_28' title='bbox 191 529 322 596; x_wconf 73' lang='lat' dir='ltr'>nigrantis</span> <span class='ocrx_word' id='word_1_29' title='bbox 332 543 417 596; x_wconf 82' lang='lat' dir='ltr'>regua</span> <span class='ocrx_word' id='word_1_30' title='bbox 426 529 471 596; x_wconf 91' lang='lat' dir='ltr'>qui</span> <span class='ocrx_word' id='word_1_31' title='bbox 482 532 594 595; x_wconf 86' lang='lat' dir='ltr'>torques</span> <span class='ocrx_word' id='word_1_32' title='bbox 606 528 671 595; x_wconf 83' lang='lat' dir='ltr'>poli,</span> 
     </span>
     <span class='ocr_line' id='line_1_6' title="bbox 74 596 876 665; baseline 0.004 -15"><span class='ocrx_word' id='word_1_33' title='bbox 74 596 288 650; x_wconf 78' lang='lat' dir='ltr'>Pareleborernl</span> <span class='ocrx_word' id='word_1_34' title='bbox 310 596 423 650; x_wconf 83' lang='lat' dir='ltr'>Scelere</span> <span class='ocrx_word' id='word_1_35' title='bbox 433 612 501 664; x_wconf 85' lang='lat' dir='ltr'>quae</span> <span class='ocrx_word' id='word_1_36' title='bbox 513 598 626 665; x_wconf 86' lang='lat' dir='ltr'>quisque</span> <span class='ocrx_word' id='word_1_37' title='bbox 649 612 730 652; x_wconf 80' lang='lat' dir='ltr'>ausus</span> <span class='ocrx_word' id='word_1_38' title='bbox 741 609 792 662; x_wconf 88' lang='lat' dir='ltr'>est,</span> <span class='ocrx_word' id='word_1_39' title='bbox 826 602 876 653; x_wconf 78' lang='lat'>940</span> 
     </span>
     <span class='ocr_line' id='line_1_7' title="bbox 74 667 735 732; baseline 0.002 -12"><span class='ocrx_word' id='word_1_40' title='bbox 74 669 127 720; x_wconf 87' lang='lat' dir='ltr'>Hic</span> <span class='ocrx_word' id='word_1_41' title='bbox 138 669 202 719; x_wconf 88' lang='lat' dir='ltr'>vicit</span> <span class='ocrx_word' id='word_1_42' title='bbox 213 681 303 732; x_wconf 82' lang='lat' dir='ltr'>error3</span> <span class='ocrx_word' id='word_1_43' title='bbox 313 669 381 718; x_wconf 91' lang='lat' dir='ltr'>luno</span> <span class='ocrx_word' id='word_1_44' title='bbox 393 683 447 718; x_wconf 91' lang='lat' dir='ltr'>uon</span> <span class='ocrx_word' id='word_1_45' title='bbox 458 681 526 718; x_wconf 81' lang='lat' dir='ltr'>ausu</span> <span class='ocrx_word' id='word_1_46' title='bbox 536 667 682 719; x_wconf 79' lang='lat' dir='ltr'>Herculem</span> <span class='ocrx_word' id='word_1_47' title='bbox 692 676 735 721; x_wconf 79' lang='lat' dir='ltr'>est</span> 
     </span>
    </p>

    <p class='ocr_par' dir='ltr' id='par_1_6' title="bbox 74 737 684 805">
     <span class='ocr_line' id='line_1_8' title="bbox 74 737 684 805; baseline 0.003 -17"><span class='ocrx_word' id='word_1_48' title='bbox 74 739 184 805; x_wconf 79' lang='lat' dir='ltr'>Eripere</span> <span class='ocrx_word' id='word_1_49' title='bbox 195 738 283 788; x_wconf 84' lang='lat' dir='ltr'>terris.</span> <span class='ocrx_word' id='word_1_50' title='bbox 320 737 467 789; x_wconf 78' lang='lat' dir='ltr'>Horridum</span> <span class='ocrx_word' id='word_1_51' title='bbox 478 751 594 804; x_wconf 78' lang='lat' dir='ltr'>poenum</span> <span class='ocrx_word' id='word_1_52' title='bbox 605 738 684 804; x_wconf 79' lang='lat' dir='ltr'>pure!</span> 
     </span>
    </p>

    <p class='ocr_par' dir='ltr' id='par_1_7' title="bbox 74 805 656 874">
     <span class='ocr_line' id='line_1_9' title="bbox 74 805 656 874; baseline 0.002 -16"><span class='ocrx_word' id='word_1_53' title='bbox 74 805 201 874; x_wconf 81' lang='lat' dir='ltr'>Sisyphia</span> <span class='ocrx_word' id='word_1_54' title='bbox 212 807 303 858; x_wconf 81' lang='lat' dir='ltr'>cervix</span> <span class='ocrx_word' id='word_1_55' title='bbox 316 813 417 869; x_wconf 83' lang='lat' dir='ltr'>cesset,</span> <span class='ocrx_word' id='word_1_56' title='bbox 429 812 457 857; x_wconf 90' lang='lat' dir='ltr'>et</span> <span class='ocrx_word' id='word_1_57' title='bbox 467 812 578 858; x_wconf 90' lang='lat' dir='ltr'>nostros</span> <span class='ocrx_word' id='word_1_58' title='bbox 587 807 656 874; x_wconf 80' lang='lat' dir='ltr'>lupis</span> 
     </span>
    </p>

    <p class='ocr_par' dir='ltr' id='par_1_8' title="bbox 74 875 711 945">
     <span class='ocr_line' id='line_1_10' title="bbox 74 875 711 945; baseline 0 -17"><span class='ocrx_word' id='word_1_59' title='bbox 74 877 196 945; x_wconf 85' lang='lat' dir='ltr'>impellat</span> <span class='ocrx_word' id='word_1_60' title='bbox 207 875 343 930; x_wconf 83' lang='lat' dir='ltr'><strong>humeros.</strong></span> <span class='ocrx_word' id='word_1_61' title='bbox 378 878 424 928; x_wconf 84' lang='lat' dir='ltr'>Me</span> <span class='ocrx_word' id='word_1_62' title='bbox 434 892 518 939; x_wconf 66' lang='lat' dir='ltr'>rurus</span> <span class='ocrx_word' id='word_1_63' title='bbox 529 876 619 944; x_wconf 81' lang='lat' dir='ltr'>fugiet</span> <span class='ocrx_word' id='word_1_64' title='bbox 628 878 711 941; x_wconf 80' lang='lat' dir='ltr'>later,</span> 
     </span>
    </p>

    <p class='ocr_par' dir='ltr' id='par_1_9' title="bbox 72 917 876 1082">
     <span class='ocr_line' id='line_1_11' title="bbox 73 917 876 1014; baseline -0.002 -16"><span class='ocrx_word' id='word_1_65' title='bbox 73 948 217 1014; x_wconf 81' lang='lat' dir='ltr'>Meamque</span> <span class='ocrx_word' id='word_1_66' title='bbox 230 945 312 998; x_wconf 74' lang='lat' dir='ltr'>fallar</span> <span class='ocrx_word' id='word_1_67' title='bbox 323 946 396 997; x_wconf 85' lang='lat' dir='ltr'>unda</span> <span class='ocrx_word' id='word_1_68' title='bbox 407 917 517 998; x_wconf 60' lang='lat' dir='ltr'>deiciat</span> <span class='ocrx_word' id='word_1_69' title='bbox 527 947 609 998; x_wconf 87' lang='lat' dir='ltr'>sitim.</span> <span class='ocrx_word' id='word_1_70' title='bbox 827 954 876 1004; x_wconf 74' lang='lat'>⁹45</span> 
     </span>
     <span class='ocr_line' id='line_1_12' title="bbox 72 1016 648 1082; baseline -0.002 -14"><span class='ocrx_word' id='word_1_71' title='bbox 72 1017 162 1068; x_wconf 88' lang='lat' dir='ltr'>Merui</span> <span class='ocrx_word' id='word_1_72' title='bbox 173 1032 268 1067; x_wconf 80' lang='lat' dir='ltr'>manus</span> <span class='ocrx_word' id='word_1_73' title='bbox 279 1016 410 1082; x_wconf 81' lang='lat' dir='ltr'>praebere</span> <span class='ocrx_word' id='word_1_74' title='bbox 421 1016 574 1067; x_wconf 73' lang='lat' dir='ltr'>turbinibus</span> <span class='ocrx_word' id='word_1_75' title='bbox 584 1018 648 1080; x_wconf 89' lang='lat' dir='ltr'>tuis,</span> 
     </span>
    </p>

    <p class='ocr_par' dir='ltr' id='par_1_10' title="bbox 73 1083 759 1208">
     <span class='ocr_line' id='line_1_13' title="bbox 75 1083 759 1154; baseline 0 -16"><span class='ocrx_word' id='word_1_76' title='bbox 75 1088 258 1154; x_wconf 75' lang='lat' dir='ltr'>Quaecunque</span> <span class='ocrx_word' id='word_1_77' title='bbox 269 1100 363 1154; x_wconf 80' lang='lat' dir='ltr'>regem</span> <span class='ocrx_word' id='word_1_78' title='bbox 375 1083 535 1136; x_wconf 71' lang='lat' dir='ltr'>Thessalum</span> <span class='ocrx_word' id='word_1_79' title='bbox 547 1092 592 1137; x_wconf 90' lang='lat' dir='ltr'>tor</span> <span class='ocrx_word' id='word_1_80' title='bbox 610 1101 673 1150; x_wconf 87' lang='lat' dir='ltr'>ues,</span> <span class='ocrx_word' id='word_1_81' title='bbox 685 1088 759 1139; x_wconf 83' lang='lat' dir='ltr'>rotal</span> 
     </span>
     <span class='ocr_line' id='line_1_14' title="bbox 73 1103 688 1208; baseline 0.002 -1"><span class='ocrx_word' id='word_1_82' title='bbox 73 1156 195 1208; x_wconf 83' lang='lat' dir='ltr'>Effodiet</span> <span class='ocrx_word' id='word_1_83' title='bbox 206 1155 299 1206; x_wconf 81' lang='lat' dir='ltr'>aridus</span> <span class='ocrx_word' id='word_1_84' title='bbox 311 1153 372 1205; x_wconf 88' lang='lat' dir='ltr'>hinc</span> <span class='ocrx_word' id='word_1_85' title='bbox 385 1161 413 1206; x_wconf 90' lang='lat' dir='ltr'>et</span> <span class='ocrx_word' id='word_1_86' title='bbox 423 1154 486 1206; x_wconf 88' lang='lat' dir='ltr'>hinc</span> <span class='ocrx_word' id='word_1_87' title='bbox 495 1103 688 1208; x_wconf 52' lang='lat' dir='ltr'>vulturlbras&#39;.</span> 
     </span>
    </p>

    <p class='ocr_par' dir='ltr' id='par_1_11' title="bbox 74 1223 702 1293">
     <span class='ocr_line' id='line_1_15' title="bbox 74 1223 702 1293; baseline -0.003 -14"><span class='ocrx_word' id='word_1_88' title='bbox 74 1227 163 1279; x_wconf 78' lang='lat' dir='ltr'>Vocet</span> <span class='ocrx_word' id='word_1_89' title='bbox 173 1241 227 1276; x_wconf 82' lang='lat' dir='ltr'>una</span> <span class='ocrx_word' id='word_1_90' title='bbox 236 1225 351 1276; x_wconf 75' lang='lat' dir='ltr'>Danais:</span> <span class='ocrx_word' id='word_1_91' title='bbox 363 1223 412 1276; x_wconf 79' lang='lat' dir='ltr'>has</span> <span class='ocrx_word' id='word_1_92' title='bbox 423 1241 475 1293; x_wconf 82' lang='lat' dir='ltr'>ego</span> <span class='ocrx_word' id='word_1_93' title='bbox 486 1225 604 1292; x_wconf 84' lang='lat' dir='ltr'>explebo</span> <span class='ocrx_word' id='word_1_94' title='bbox 615 1228 702 1278; x_wconf 82' lang='lat' dir='ltr'>vices:</span> 
     </span>
    </p>

    <p class='ocr_par' dir='ltr' id='par_1_12' title="bbox 72 1294 877 1432">
     <span class='ocr_line' id='line_1_16' title="bbox 74 1294 877 1363; baseline -0.002 -16"><span class='ocrx_word' id='word_1_95' title='bbox 74 1297 180 1347; x_wconf 80' lang='lat' dir='ltr'>Laxste</span> <span class='ocrx_word' id='word_1_96' title='bbox 192 1294 296 1346; x_wconf 81' lang='lat' dir='ltr'>menes!</span> <span class='ocrx_word' id='word_1_97' title='bbox 318 1295 418 1363; x_wconf 83' lang='lat' dir='ltr'>Recipe</span> <span class='ocrx_word' id='word_1_98' title='bbox 429 1309 472 1347; x_wconf 83' lang='lat' dir='ltr'>nre</span> <span class='ocrx_word' id='word_1_99' title='bbox 483 1296 609 1347; x_wconf 84' lang='lat' dir='ltr'>comitem</span> <span class='ocrx_word' id='word_1_100' title='bbox 620 1296 678 1358; x_wconf 88' lang='lat' dir='ltr'>tibi,</span> <span class='ocrx_word' id='word_1_101' title='bbox 826 1301 877 1353; x_wconf 79' lang='lat'>950</span> 
     </span>
     <span class='ocr_line' id='line_1_17' title="bbox 72 1362 670 1432; baseline 0 -16"><span class='ocrx_word' id='word_1_102' title='bbox 72 1363 209 1416; x_wconf 81' lang='lat' dir='ltr'>Phasiaca</span> <span class='ocrx_word' id='word_1_103' title='bbox 220 1363 331 1416; x_wconf 81' lang='lat' dir='ltr'>coniux!</span> <span class='ocrx_word' id='word_1_104' title='bbox 353 1366 430 1432; x_wconf 85' lang='lat' dir='ltr'>peior</span> <span class='ocrx_word' id='word_1_105' title='bbox 440 1362 522 1426; x_wconf 83' lang='lat' dir='ltr'>baec,</span> <span class='ocrx_word' id='word_1_106' title='bbox 535 1367 612 1432; x_wconf 81' lang='lat' dir='ltr'>peior</span> <span class='ocrx_word' id='word_1_107' title='bbox 621 1372 670 1416; x_wconf 92' lang='lat' dir='ltr'>tuo</span> 
     </span>
    </p>

    <p class='ocr_par' dir='ltr' id='par_1_13' title="bbox 74 1433 759 1503">
     <span class='ocr_line' id='line_1_18' title="bbox 74 1433 759 1503; baseline 0.004 -16"><span class='ocrx_word' id='word_1_108' title='bbox 74 1436 194 1503; x_wconf 88' lang='lat' dir='ltr'>Utroque</span> <span class='ocrx_word' id='word_1_109' title='bbox 206 1433 303 1486; x_wconf 78' lang='lat' dir='ltr'>dextra</span> <span class='ocrx_word' id='word_1_110' title='bbox 312 1439 355 1486; x_wconf 81' lang='lat' dir='ltr'>est</span> <span class='ocrx_word' id='word_1_111' title='bbox 365 1433 480 1497; x_wconf 87' lang='lat' dir='ltr'>scelere,</span> <span class='ocrx_word' id='word_1_112' title='bbox 492 1451 541 1486; x_wconf 86' lang='lat' dir='ltr'>seu</span> <span class='ocrx_word' id='word_1_113' title='bbox 552 1442 640 1487; x_wconf 82' lang='lat' dir='ltr'>meter</span> <span class='ocrx_word' id='word_1_114' title='bbox 649 1452 759 1501; x_wconf 87' lang='lat' dir='ltr'>nocens,</span> 
     </span>
    </p>

    <p class='ocr_par' dir='ltr' id='par_1_14' title="bbox 73 1503 711 1573">
     <span class='ocr_line' id='line_1_19' title="bbox 73 1503 711 1573; baseline 0.003 -17"><span class='ocrx_word' id='word_1_115' title='bbox 73 1503 129 1557; x_wconf 86' lang='lat' dir='ltr'>Seu</span> <span class='ocrx_word' id='word_1_116' title='bbox 140 1504 200 1556; x_wconf 83' lang='lat' dir='ltr'>dira</span> <span class='ocrx_word' id='word_1_117' title='bbox 209 1518 288 1556; x_wconf 88' lang='lat' dir='ltr'>soror</span> <span class='ocrx_word' id='word_1_118' title='bbox 299 1517 336 1556; x_wconf 85' lang='lat' dir='ltr'>es.</span> <span class='ocrx_word' id='word_1_119' title='bbox 368 1505 443 1556; x_wconf 81' lang='lat' dir='ltr'>Adde</span> <span class='ocrx_word' id='word_1_120' title='bbox 454 1521 498 1556; x_wconf 84' lang='lat' dir='ltr'>me</span> <span class='ocrx_word' id='word_1_121' title='bbox 510 1510 637 1557; x_wconf 87' lang='lat' dir='ltr'>comitem</span> <span class='ocrx_word' id='word_1_122' title='bbox 648 1509 711 1573; x_wconf 90' lang='lat' dir='ltr'>tuis,</span> 
     </span>
    </p>

    <p class='ocr_par' dir='ltr' id='par_1_15' title="bbox 72 1574 877 1784">
     <span class='ocr_line' id='line_1_20' title="bbox 73 1574 736 1643; baseline 0.006 -17"><span class='ocrx_word' id='word_1_123' title='bbox 73 1574 203 1626; x_wconf 79' lang='lat' dir='ltr'>Threicia</span> <span class='ocrx_word' id='word_1_124' title='bbox 213 1576 325 1637; x_wconf 87' lang='lat' dir='ltr'>coniux,</span> <span class='ocrx_word' id='word_1_125' title='bbox 337 1574 498 1627; x_wconf 80' lang='lat' dir='ltr'>sceleribus!</span> <span class='ocrx_word' id='word_1_126' title='bbox 522 1576 640 1629; x_wconf 78' lang='lat' dir='ltr'><strong>Gnatam</strong></span> <span class='ocrx_word' id='word_1_127' title='bbox 650 1583 736 1643; x_wconf 83' lang='lat' dir='ltr'>tuam,</span> 
     </span>
     <span class='ocr_line' id='line_1_21' title="bbox 73 1643 877 1712; baseline 0 -15"><span class='ocrx_word' id='word_1_128' title='bbox 73 1643 413 1712; x_wconf 78' lang='lat' dir='ltr'>Altheeemater‚recipel</span> <span class='ocrx_word' id='word_1_129' title='bbox 436 1662 610 1699; x_wconf 78' lang='lat' dir='ltr'>nuncverens</span> <span class='ocrx_word' id='word_1_130' title='bbox 620 1653 696 1698; x_wconf 82' lang='lat' dir='ltr'>tuens</span> <span class='ocrx_word' id='word_1_131' title='bbox 826 1653 877 1703; x_wconf 76' lang='grc'>955</span> 
     </span>
     <span class='ocr_line' id='line_1_22' title="bbox 72 1714 744 1784; baseline 0.003 -17"><span class='ocrx_word' id='word_1_132' title='bbox 72 1718 197 1784; x_wconf 83' lang='lat' dir='ltr'>Agnosce</span> <span class='ocrx_word' id='word_1_133' title='bbox 208 1714 324 1782; x_wconf 77' lang='lat' dir='ltr'>prolem!</span> <span class='ocrx_word' id='word_1_134' title='bbox 347 1715 419 1776; x_wconf 77' lang='lat' dir='ltr'>Quid</span> <span class='ocrx_word' id='word_1_135' title='bbox 429 1722 520 1766; x_wconf 82' lang='lat' dir='ltr'>tumen</span> <span class='ocrx_word' id='word_1_136' title='bbox 531 1722 637 1768; x_wconf 82' lang='lat' dir='ltr'>tantum</span> <span class='ocrx_word' id='word_1_137' title='bbox 649 1733 744 1770; x_wconf 79' lang='lat' dir='ltr'>uranus</span> 
     </span>
    </p>

    <p class='ocr_par' dir='ltr' id='par_1_16' title="bbox 73 1784 752 1923">
     <span class='ocr_line' id='line_1_23' title="bbox 73 1784 752 1852; baseline 0.003 -15"><span class='ocrx_word' id='word_1_138' title='bbox 73 1784 190 1837; x_wconf 81' lang='lat' dir='ltr'>Vestrae</span> <span class='ocrx_word' id='word_1_139' title='bbox 203 1784 388 1836; x_wconf 76' lang='lat' dir='ltr'>abstuleruntl</span> <span class='ocrx_word' id='word_1_140' title='bbox 409 1785 531 1837; x_wconf 79' lang='lat' dir='ltr'>Claudite</span> <span class='ocrx_word' id='word_1_141' title='bbox 544 1786 667 1852; x_wconf 79' lang='lat' dir='ltr'>Elysium</span> <span class='ocrx_word' id='word_1_142' title='bbox 678 1787 752 1852; x_wconf 85' lang='lat' dir='ltr'>mibi,</span> 
     </span>
     <span class='ocr_line' id='line_1_24' title="bbox 74 1854 694 1923; baseline 0.002 -18"><span class='ocrx_word' id='word_1_143' title='bbox 74 1856 259 1921; x_wconf 81' lang='lat' dir='ltr'>Quaecunque</span> <span class='ocrx_word' id='word_1_144' title='bbox 271 1854 342 1905; x_wconf 76' lang='lat' dir='ltr'>lidae</span> <span class='ocrx_word' id='word_1_145' title='bbox 355 1857 484 1923; x_wconf 86' lang='lat' dir='ltr'>coniuges</span> <span class='ocrx_word' id='word_1_146' title='bbox 495 1856 613 1906; x_wconf 88' lang='lat' dir='ltr'>nemoris</span> <span class='ocrx_word' id='word_1_147' title='bbox 623 1860 694 1907; x_wconf 84' lang='lat' dir='ltr'>sueri</span> 
     </span>
    </p>

    <p class='ocr_par' dir='ltr' id='par_1_17' title="bbox 71 1922 652 1992">
     <span class='ocr_line' id='line_1_25' title="bbox 71 1922 652 1992; baseline 0 -17"><span class='ocrx_word' id='word_1_148' title='bbox 71 1926 166 1975; x_wconf 88' lang='lat' dir='ltr'>Lucos</span> <span class='ocrx_word' id='word_1_149' title='bbox 177 1922 289 1977; x_wconf 84' lang='lat' dir='ltr'>tenetis!</span> <span class='ocrx_word' id='word_1_150' title='bbox 312 1922 341 1975; x_wconf 88' lang='lat' dir='ltr'>Si</span> <span class='ocrx_word' id='word_1_151' title='bbox 352 1940 405 1992; x_wconf 82' lang='lat' dir='ltr'>que</span> <span class='ocrx_word' id='word_1_152' title='bbox 417 1926 546 1991; x_wconf 84' lang='lat' dir='ltr'>respersit</span> <span class='ocrx_word' id='word_1_153' title='bbox 556 1940 652 1976; x_wconf 79' lang='lat' dir='ltr'>manus</span> 
     </span>
    </p>

    <p class='ocr_par' dir='ltr' id='par_1_18' title="bbox 71 1993 877 2117">
     <span class='ocr_line' id='line_1_26' title="bbox 71 1993 877 2056; baseline 0.004 -11"><span class='ocrx_word' id='word_1_154' title='bbox 71 1994 132 2046; x_wconf 86' lang='lat' dir='ltr'>Viri</span> <span class='ocrx_word' id='word_1_155' title='bbox 143 2009 254 2056; x_wconf 86' lang='lat' dir='ltr'>cruore,</span> <span class='ocrx_word' id='word_1_156' title='bbox 266 2010 317 2046; x_wconf 87' lang='lat' dir='ltr'>nec</span> <span class='ocrx_word' id='word_1_157' title='bbox 326 2010 431 2046; x_wconf 85' lang='lat' dir='ltr'>memor</span> <span class='ocrx_word' id='word_1_158' title='bbox 442 2000 535 2047; x_wconf 82' lang='lat' dir='ltr'>castae</span> <span class='ocrx_word' id='word_1_159' title='bbox 545 1993 614 2045; x_wconf 85' lang='lat' dir='ltr'>facis</span> <span class='ocrx_word' id='word_1_160' title='bbox 826 1998 877 2048; x_wconf 78' lang='grc'>969</span> 
     </span>
     <span class='ocr_line' id='line_1_27' title="bbox 71 2063 589 2117; baseline -0.006 -1"><span class='ocrx_word' id='word_1_161' title='bbox 71 2063 176 2116; x_wconf 86' lang='lat' dir='ltr'>Stricto</span> <span class='ocrx_word' id='word_1_162' title='bbox 188 2070 303 2117; x_wconf 81' lang='lat' dir='ltr'>cruenta</span> <span class='ocrx_word' id='word_1_163' title='bbox 312 2064 403 2115; x_wconf 80' lang='lat' dir='ltr'>Belias</span> <span class='ocrx_word' id='word_1_164' title='bbox 415 2065 488 2116; x_wconf 84' lang='lat' dir='ltr'>ferro</span> <span class='ocrx_word' id='word_1_165' title='bbox 500 2066 589 2115; x_wconf 86' lang='lat' dir='ltr'>stetit:</span> 
     </span>
    </p>

    <p class='ocr_par' dir='ltr' id='par_1_19' title="bbox 71 2134 635 2201">
     <span class='ocr_line' id='line_1_28' title="bbox 71 2134 635 2201; baseline -0.007 -15"><span class='ocrx_word' id='word_1_166' title='bbox 71 2135 102 2186; x_wconf 94' lang='lat' dir='ltr'>ln</span> <span class='ocrx_word' id='word_1_167' title='bbox 114 2149 158 2186; x_wconf 88' lang='lat' dir='ltr'>me</span> <span class='ocrx_word' id='word_1_168' title='bbox 170 2148 234 2185; x_wconf 84' lang='lat' dir='ltr'>suus</span> <span class='ocrx_word' id='word_1_169' title='bbox 247 2140 380 2201; x_wconf 80' lang='lat' dir='ltr'>agnoscet</span> <span class='ocrx_word' id='word_1_170' title='bbox 390 2141 419 2186; x_wconf 90' lang='lat' dir='ltr'>et</span> <span class='ocrx_word' id='word_1_171' title='bbox 428 2134 521 2186; x_wconf 79' lang='lat' dir='ltr'>laudet</span> <span class='ocrx_word' id='word_1_172' title='bbox 530 2149 635 2185; x_wconf 82' lang='lat' dir='ltr'>manus.</span> 
     </span>
    </p>

    <p class='ocr_par' dir='ltr' id='par_1_20' title="bbox 69 2201 637 2272">
     <span class='ocr_line' id='line_1_29' title="bbox 69 2201 637 2272; baseline -0.004 -16"><span class='ocrx_word' id='word_1_173' title='bbox 69 2206 102 2256; x_wconf 92' lang='lat' dir='ltr'>ln</span> <span class='ocrx_word' id='word_1_174' title='bbox 114 2201 186 2255; x_wconf 81' lang='lat' dir='ltr'>hanc</span> <span class='ocrx_word' id='word_1_175' title='bbox 197 2204 271 2255; x_wconf 81' lang='lat' dir='ltr'>abire</span> <span class='ocrx_word' id='word_1_176' title='bbox 283 2205 426 2272; x_wconf 84' lang='lat' dir='ltr'>coniugum</span> <span class='ocrx_word' id='word_1_177' title='bbox 438 2205 547 2255; x_wconf 84' lang='lat' dir='ltr'>turbam</span> <span class='ocrx_word' id='word_1_178' title='bbox 558 2203 637 2267; x_wconf 81' lang='lat' dir='ltr'>libet3</span> 
     </span>
    </p>

    <p class='ocr_par' dir='ltr' id='par_1_21' title="bbox 71 2272 675 2341">
     <span class='ocr_line' id='line_1_30' title="bbox 71 2272 675 2341; baseline 0 -16"><span class='ocrx_word' id='word_1_179' title='bbox 71 2273 128 2327; x_wconf 86' lang='lat' dir='ltr'>Sed</span> <span class='ocrx_word' id='word_1_180' title='bbox 140 2279 168 2324; x_wconf 90' lang='lat' dir='ltr'>et</span> <span class='ocrx_word' id='word_1_181' title='bbox 178 2272 225 2324; x_wconf 85' lang='lat' dir='ltr'>illa</span> <span class='ocrx_word' id='word_1_182' title='bbox 235 2272 323 2341; x_wconf 81' lang='lat' dir='ltr'>fugiet</span> <span class='ocrx_word' id='word_1_183' title='bbox 332 2275 478 2325; x_wconf 83' lang='lat' dir='ltr'>turbatam</span> <span class='ocrx_word' id='word_1_184' title='bbox 490 2273 564 2326; x_wconf 81' lang='lat' dir='ltr'>dirus</span> <span class='ocrx_word' id='word_1_185' title='bbox 573 2288 675 2325; x_wconf 81' lang='lat' dir='ltr'>manus</span> 
     </span>
    </p>

    <p class='ocr_par' dir='ltr' id='par_1_22' title="bbox 69 2342 877 2472">
     <span class='ocr_line' id='line_1_31' title="bbox 70 2342 877 2406; baseline 0.004 -12"><span class='ocrx_word' id='word_1_186' title='bbox 70 2345 177 2395; x_wconf 79' lang='lat' dir='ltr'>&#39;invicte</span> <span class='ocrx_word' id='word_1_187' title='bbox 189 2344 300 2406; x_wconf 83' lang='lat' dir='ltr'>coniux,</span> <span class='ocrx_word' id='word_1_188' title='bbox 311 2344 440 2397; x_wconf 81' lang='lat' dir='ltr'>innocens</span> <span class='ocrx_word' id='word_1_189' title='bbox 453 2346 557 2396; x_wconf 87' lang='lat' dir='ltr'>animus</span> <span class='ocrx_word' id='word_1_190' title='bbox 567 2342 642 2405; x_wconf 86' lang='lat' dir='ltr'>mihi,</span> <span class='ocrx_word' id='word_1_191' title='bbox 826 2346 877 2397; x_wconf 80' lang='grc'>965</span> 
     </span>
     <span class='ocr_line' id='line_1_32' title="bbox 69 2413 784 2472; baseline 0 -7"><span class='ocrx_word' id='word_1_192' title='bbox 69 2413 197 2465; x_wconf 75' lang='lat' dir='ltr'>Scelesta</span> <span class='ocrx_word' id='word_1_193' title='bbox 207 2430 302 2465; x_wconf 80' lang='lat' dir='ltr'>manus</span> <span class='ocrx_word' id='word_1_194' title='bbox 313 2420 363 2466; x_wconf 89' lang='lat' dir='ltr'>est.</span> <span class='ocrx_word' id='word_1_195' title='bbox 400 2414 474 2466; x_wconf 87' lang='lat' dir='ltr'>Proh</span> <span class='ocrx_word' id='word_1_196' title='bbox 485 2416 562 2465; x_wconf 87' lang='lat' dir='ltr'>nimis</span> <span class='ocrx_word' id='word_1_197' title='bbox 573 2430 649 2465; x_wconf 87' lang='lat' dir='ltr'>mens</span> <span class='ocrx_word' id='word_1_198' title='bbox 658 2414 784 2472; x_wconf 81' lang='lat' dir='ltr'>credula!</span> 
     </span>
    </p>

    <p class='ocr_par' dir='ltr' id='par_1_23' title="bbox 69 2482 659 2553">
     <span class='ocr_line' id='line_1_33' title="bbox 69 2482 659 2553; baseline -0.003 -18"><span class='ocrx_word' id='word_1_199' title='bbox 69 2482 147 2535; x_wconf 91' lang='lat' dir='ltr'>Proh</span> <span class='ocrx_word' id='word_1_200' title='bbox 159 2482 245 2535; x_wconf 79' lang='lat' dir='ltr'>Nesse</span> <span class='ocrx_word' id='word_1_201' title='bbox 256 2482 353 2546; x_wconf 80' lang='lat' dir='ltr'>fallax,</span> <span class='ocrx_word' id='word_1_202' title='bbox 365 2491 446 2553; x_wconf 83' lang='lat' dir='ltr'>atque</span> <span class='ocrx_word' id='word_1_203' title='bbox 459 2483 580 2535; x_wconf 79' lang='lat' dir='ltr'>semiferi</span> <span class='ocrx_word' id='word_1_204' title='bbox 592 2483 659 2535; x_wconf 84' lang='lat' dir='ltr'>dolii</span> 
     </span>
    </p>

    <p class='ocr_par' dir='ltr' id='par_1_24' title="bbox 68 2552 607 2621">
     <span class='ocr_line' id='line_1_34' title="bbox 68 2552 607 2621; baseline 0 -17"><span class='ocrx_word' id='word_1_205' title='bbox 68 2552 186 2605; x_wconf 80' lang='lat' dir='ltr'>Auferre</span> <span class='ocrx_word' id='word_1_206' title='bbox 199 2555 310 2620; x_wconf 89' lang='lat' dir='ltr'>cupiens</span> <span class='ocrx_word' id='word_1_207' title='bbox 322 2554 410 2621; x_wconf 85' lang='lat' dir='ltr'>pellici</span> <span class='ocrx_word' id='word_1_208' title='bbox 417 2592 425 2619; x_wconf 90' lang='lat'><strong><em>‚</em></strong></span> <span class='ocrx_word' id='word_1_209' title='bbox 436 2555 523 2621; x_wconf 86' lang='lat' dir='ltr'>eripui</span> <span class='ocrx_word' id='word_1_210' title='bbox 533 2552 607 2604; x_wconf 85' lang='lat' dir='ltr'>milri.</span> 
     </span>
    </p>

    <p class='ocr_par' dir='ltr' id='par_1_25' title="bbox 67 2623 691 2694">
     <span class='ocr_line' id='line_1_35' title="bbox 67 2623 691 2694; baseline 0.002 -19"><span class='ocrx_word' id='word_1_211' title='bbox 67 2623 196 2687; x_wconf 86' lang='lat' dir='ltr'>Recede,</span> <span class='ocrx_word' id='word_1_212' title='bbox 209 2624 304 2687; x_wconf 79' lang='lat' dir='ltr'>Titan,</span> <span class='ocrx_word' id='word_1_213' title='bbox 315 2631 413 2693; x_wconf 88' lang='lat' dir='ltr'>tuque,</span> <span class='ocrx_word' id='word_1_214' title='bbox 425 2639 494 2694; x_wconf 79' lang='lat' dir='ltr'>quae</span> <span class='ocrx_word' id='word_1_215' title='bbox 504 2623 604 2675; x_wconf 81' lang='lat' dir='ltr'>blande</span> <span class='ocrx_word' id='word_1_216' title='bbox 613 2630 691 2676; x_wconf 89' lang='lat' dir='ltr'>tenes</span> 
     </span>
    </p>

    <p class='ocr_par' dir='ltr' id='par_1_26' title="bbox 68 2693 877 2833">
     <span class='ocr_line' id='line_1_36' title="bbox 68 2693 877 2759; baseline -0.001 -13"><span class='ocrx_word' id='word_1_217' title='bbox 68 2694 101 2746; x_wconf 92' lang='lat' dir='ltr'>ln</span> <span class='ocrx_word' id='word_1_218' title='bbox 112 2693 176 2745; x_wconf 89' lang='lat' dir='ltr'>luce</span> <span class='ocrx_word' id='word_1_219' title='bbox 187 2695 542 2759; x_wconf 80' lang='lat' dir='ltr'>miseros,rite=eeriturue</span> <span class='ocrx_word' id='word_1_220' title='bbox 553 2694 672 2746; x_wconf 83' lang='lat' dir='ltr'>Hercule</span> <span class='ocrx_word' id='word_1_221' title='bbox 827 2695 877 2747; x_wconf 76' lang='lat' dir='ltr'>oto</span> 
     </span>
     <span class='ocr_line' id='line_1_37' title="bbox 70 2763 667 2833; baseline 0 -18"><span class='ocrx_word' id='word_1_222' title='bbox 70 2765 135 2815; x_wconf 84' lang='lat' dir='ltr'>Lux</span> <span class='ocrx_word' id='word_1_223' title='bbox 147 2763 208 2814; x_wconf 87' lang='lat' dir='ltr'>vilis</span> <span class='ocrx_word' id='word_1_224' title='bbox 218 2766 272 2815; x_wconf 86' lang='lat' dir='ltr'>ista</span> <span class='ocrx_word' id='word_1_225' title='bbox 283 2770 332 2815; x_wconf 79' lang='lat' dir='ltr'>eet</span> <span class='ocrx_word' id='word_1_226' title='bbox 370 2766 483 2833; x_wconf 78' lang='lat' dir='ltr'>Exigem</span> <span class='ocrx_word' id='word_1_227' title='bbox 494 2780 597 2831; x_wconf 81' lang='lat' dir='ltr'>poenas</span> <span class='ocrx_word' id='word_1_228' title='bbox 608 2764 667 2828; x_wconf 87' lang='lat' dir='ltr'>tibi,</span> 
     </span>
    </p>
   </div>
   <div class='ocr_carea' id='block_1_3' title="bbox 0 0 1080 3125">
    <p class='ocr_par' dir='ltr' id='par_1_27' title="bbox 0 0 1080 3125">
     <span class='ocr_line' id='line_1_38' title="bbox 0 0 1080 3125; baseline 0 1"><span class='ocrx_word' id='word_1_229' title='bbox 0 0 1080 3125; x_wconf 95' lang='lat' dir='ltr'> </span> 
     </span>
    </p>
   </div>
  </div>
 </body>
</html>
