2150 3125
247 220 524 274 AGAMEMNON.
560 224 713 275 nolunt.
826 226 875 277 2¹13

70 329 175 381 Satiate
186 330 269 378 tontis
280 326 421 389 coelitum,
437 325 547 377 tandem
557 333 634 377 tuum

70 399 175 450 Numen
187 397 296 450 serena!
320 396 445 448 cladibus
456 398 556 447 nostris
569 397 647 449 daret

71 469 122 522 Vel
134 470 220 521 Troia
229 468 363 519 lacrimas.
396 467 466 518 Odia
476 469 498 516 si
511 467 609 517 durant
620 475 677 532 tua,
746 514 749 525 ‚
825 470 875 519 520

71 539 220 607 Placetque
229 539 301 589 mitti
311 537 442 588 Doricum
454 538 537 588 exitio
549 552 647 604 genus:

73 608 145 671 Quid
156 607 206 659 hos
216 608 296 659 simul
307 608 396 674 perire
406 605 548 657 nobiseum
558 608 642 669 iuvat,

73 678 177 741 Quibus
187 676 323 744 perimusi
344 675 439 727 Sistite
448 676 578 727 infestum
590 692 677 727 mare:

72 745 156 801 Vehit
165 749 218 798 ista
229 747 341 798 Danaos
353 744 463 797 classis?
485 753 513 796 et
525 748 615 797 Troas
626 745 725 798 vehit.“

71 818 129 869 Nec
141 817 217 883 plura
229 822 354 883 possunt:
366 821 484 883 occupat
494 831 588 867 vocem
601 832 683 868 mare.

72 890 145 940 [lece
157 887 209 937 alia
221 885 324 937 clades!
345 885 456 936 fulmine
466 887 530 936 irati
541 886 612 936 lovis

71 961 183 1009 Armata
195 955 300 1017 Pallas,
311 955 440 1023 quidquid
452 962 500 1006 aut
515 953 595 1005 basta
605 956 705 1020 minax,

71 1030 124 1079 Aut
134 1026 230 1095 aegide
242 1033 270 1077 et
279 1024 373 1078 furore
391 1026 538 1092 Gorgoneo
550 1031 651 1092 potest,

71 1100 125 1148 Aut
134 1098 197 1165 igne
207 1096 311 1162 patrio,
322 1101 424 1147 tentate
437 1102 465 1146 et
476 1095 553 1146 coelo
566 1110 652 1146 novae

70 1167 182 1235 Spirent
195 1165 338 1233 procellae.
374 1164 455 1216 Solus
465 1167 581 1216 invictus
592 1166 669 1216 malis

71 1238 207 1288 Laetatur
216 1236 292 1286 Aiax.
328 1233 399 1287 Vela
410 1242 553 1303 cogentem
565 1233 636 1286 bunc
647 1251 696 1286 sua

72 1310 166 1358 'denso
178 1306 292 1356 rudente
304 1305 416 1355 flamma
426 1306 585 1372 perstrinxit
597 1305 705 1356 cadens.

72 1377 204 1427 Libratur
213 1375 286 1426 eliud
297 1374 412 1440 fulmen3
424 1374 477 1427 boe
488 1380 548 1425 toto
559 1376 663 1441 impetu

73 1449 186 1498 Certum
200 1445 315 1497 reductu
326 1445 416 1499 Pallas
428 1446 549 1496 excussit
559 1459 649 1507 manu,

71 1517 306 1584 lmitatupstrem.
343 1516 455 1569 Transit
470 1516 578 1567 Aiacem
590 1520 618 1567 et
626 1521 722 1578 ratem,
824 1548 830 1565 .

72 1589 203 1654 Ratisque
214 1591 320 1654 partem
331 1602 424 1638 seeum
435 1593 463 1638 et
474 1588 583 1637 Aiacem
594 1586 663 1636 tulit.

71 1656 118 1709 Nil
127 1656 172 1708 ille
183 1661 282 1718 motus,
294 1656 381 1707 ardua
389 1663 421 1707 ut
432 1663 540 1717 cautes,
551 1655 609 1707 salo

72 1726 218 1778 Ambustus
230 1730 319 1788 extat,
331 1725 432 1777 dirimit
442 1729 566 1776 insanum
578 1741 663 1787 mare,

71 1798 238 1863 Fluctusque
248 1797 351 1863 rumpit
360 1801 481 1863 pectore,
493 1801 522 1848 et
531 1810 628 1845 navem
639 1811 720 1846 manu

72 1867 237 1933 Complexus
247 1866 274 1916 in
286 1881 315 1917 so
326 1868 423 1929 traxit,
436 1872 464 1918 et
476 1880 561 1916 coeco
573 1865 641 1915 mari
824 1864 874 1914 blo

72 1935 206 1989 Gorducet
217 1937 298 1997 diax3
320 1951 400 1988 omne
412 1935 569 2002 resplendet
580 1934 688 1985 fretum.

72 2006 198 2058 Tandem
209 2010 345 2072 occupata
353 2021 421 2072 rupe
432 2004 605 2056 furibundum
616 2005 731 2068 intonet,

76 2076 227 2144 Superusse
238 2091 310 2127 nuno
321 2091 349 2126 se
362 2075 473 2146 pelagus
484 2081 567 2142 atque
578 2076 663 2142 ignes.
701 2076 798 2139 „iuvat

75 2146 180 2199 vicisse
192 2145 310 2208 coelum,
321 2145 473 2209 Palladem,
485 2146 602 2207 fulmen,
612 2144 700 2197 mare!

73 2215 136 2268 Non
145 2231 189 2267 ms
200 2215 307 2284 fugavit
315 2215 405 2267 bellici
415 2221 506 2266 terror
516 2215 575 2278 dei3
825 2213 874 2263 545

74 2291 110 2339 Et
120 2286 271 2339 lleutorem
280 2302 334 2336 una
344 2287 418 2337 solus
429 2291 457 2337 et
468 2286 586 2336 Mortem
597 2285 660 2348 tuli;

72 2354 204 2408 Phoebea
214 2372 265 2408 uec
276 2371 318 2406 me
330 2355 385 2406 tela
396 2356 557 2423 pepulerunt
566 2353 665 2422 gradu:

74 2429 141 2478 Cum
152 2423 307 2493 Phrygibus
317 2427 385 2477 istos
397 2428 518 2477 vicimus.
547 2427 623 2475 Tene
634 2422 776 2474 horream?

71 2497 166 2548 Alieno
175 2497 255 2547 inerti
267 2496 322 2547 tela
332 2497 417 2547 mittis
428 2497 549 2547 dextere.

73 2566 159 2629 Quid,
171 2567 193 2616 si
202 2566 261 2632 ipse
272 2565 397 2616 mittatl“
408 2565 492 2617 Plura
502 2579 563 2615 eum
575 2563 688 2615 auderet
699 2563 806 2617 furens:
826 2566 876 2616 oto

75 2636 206 2687 Tridente
219 2651 314 2703 rupem
325 2635 432 2687 subruit
442 2636 547 2703 pulsam
560 2640 638 2700 pater

73 2705 230 2771 Neptunus,
241 2706 302 2756 imis
313 2721 428 2757 exerens
440 2706 518 2757 undis
530 2710 622 2771 caput,

75 2773 214 2843 Solvitque
225 2781 356 2838 montem;
380 2792 459 2844 quem
471 2777 571 2828 cadens
582 2789 674 2825 secum
686 2774 754 2836 tulit,

135 2844 212 2898 Snn.
232 2847 256 2895 Τ
264 2860 339 2896 sno,
694 2842 712 2895 S
