2150 3125
303 263 496 316 oenlrua
534 267 622 317 ΛΒΤ.
643 266 690 318 ΙΙΙ.

84 367 171 420 Vocis
181 367 292 435 ignotae
303 367 421 418 clamore
433 369 548 434 primum

85 437 203 488 Hortico
214 437 330 504 experti,

86 507 212 574 Agmina,
223 521 349 573 campos,
361 514 492 574 cognata,
504 512 606 561 tenent.

86 575 229 644 Dignaque
239 577 313 628 iacto
324 577 426 628 semine
437 575 535 642 proin,

86 645 145 696 Uno
158 651 276 696 aetatem
287 659 432 712 permensa
442 645 496 708 die,

86 715 153 764 Post
163 713 285 765 Luciferi
298 719 363 765 nate
373 719 489 775 meatus,

84 785 152 834 Ante
164 783 314 851 Hesperioi
326 783 428 836 oceidit
440 790 523 835 ortus.

83 853 187 905 llorret
197 854 280 904 tantia
291 852 396 905 advena
406 855 543 918 monstris,

84 922 234 991 Populique
246 923 323 974 timet
332 921 405 974 bella
416 925 546 976 recentia:

86 991 180 1042 Donee
192 992 291 1043 cecidit
300 1007 383 1044 saeva
392 993 528 1056 iurentur,

85 1060 265 1129 Genitrixque
275 1077 325 1112 cuo
337 1061 414 1112 reddi
425 1063 529 1129 gremio

84 1130 170 1180 Modo
182 1129 330 1198 productos
341 1130 407 1181 vidit
418 1130 550 1184 alumnos.

85 1199 145 1249 Hac
156 1201 294 1251 mansierit
305 1201 382 1252 civile
393 1197 484 1251 neiat!

85 1269 135 1319 illa
144 1268 298 1320 Herculeae
310 1270 400 1320 norint
410 1268 523 1322 Thebae

83 1338 193 1389 Proelia
204 1336 332 1389 fratrum!

83 1407 155 1468 Quid
166 1407 276 1458 Cadmei
287 1406 345 1458 iata
355 1410 471 1476 nepotis,

83 1478 151 1528 Cum
161 1477 262 1527 vivacia
275 1492 377 1528 cornua
388 1481 460 1530 cerri

83 1546 213 1599 Frontem
225 1547 307 1599 ramis
318 1553 412 1599 texere
423 1551 508 1613 nocie,

81 1617 283 1683 Dominamque
294 1632 375 1668 canen
388 1632 468 1685 egere
479 1622 574 1671 auum!

81 1687 221 1753 Praeceps
231 1685 311 1737 silves
323 1693 482 1755 montesque
492 1689 563 1758 fugit

82 1757 159 1807 Gitua
170 1758 305 1818 Actaeon,
316 1756 432 1825 agilique
444 1760 530 1827 magis

80 1826 156 1877 Pede
168 1841 218 1893 per
227 1825 312 1876 saltus
323 1832 351 1875 et
362 1840 429 1877 saxa
439 1842 525 1897 vagus

79 1896 182 1946 Metuit
192 1900 281 1945 motae
292 1894 414 1962 zephyro
425 1897 539 1964 plumae,

79 1967 129 2027 Et,
142 1980 212 2032 quae
222 1964 325 2030 posuit,
336 1967 406 2017 retia
416 1968 498 2031 vltat3

79 2035 177 2085 Donec
186 2034 286 2101 placidi
298 2033 380 2086 fontis
390 2037 417 2085 in
430 2036 502 2089 unde

81 2106 192 2155 Cornua
202 2103 269 2154 vidit
279 2104 421 2173 vultusque
432 2104 515 2169 ieron,

80 2174 132 2225 Ubi
144 2174 281 2241 virgineos
292 2172 399 2225 foverat
410 2180 485 2226 artua

80 2242 200 2294 Nimium
212 2243 286 2294 saevi
298 2242 360 2293 diva
370 2244 489 2312 pudoris.
