2150 3125
187 185 235 235 248
363 184 397 235 L.
432 183 587 235 ANNAEl
607 181 797 236 SENECAE

185 289 235 338 820
246 287 290 337 Tu
301 303 371 337 nuno
381 293 471 338 vestes
481 288 557 355 tinge
569 290 695 351 Creusae,

247 359 321 420 Quas
332 372 392 409 oum
404 357 519 423 primum
529 360 670 421 sumserit,
680 359 749 410 imas

246 428 312 479 Urat
322 442 433 493 serpeus
444 424 553 478 flamma
564 427 706 479 medullas!

244 497 317 565 lgnis
328 495 402 547 fulvo
413 496 504 547 clusus
514 497 541 547 in
554 512 620 549 auro

245 566 329 618 Latet
340 565 485 628 obscurus,
497 582 577 633 quem
590 565 669 631 mihi,
680 568 748 619 eoeli

185 636 235 687 825
247 637 299 696 Qui
311 635 386 685 furta
394 636 445 686 luit
454 636 558 689 viscere
569 635 654 699 foetu,

246 706 342 767 Dedit,
354 712 382 756 et
393 706 487 757 docuit
496 707 614 757 condere
626 708 698 759 vires

246 773 523 838 hrte‚Prometheus.
560 776 644 827 Dedit
654 783 683 827 et
693 779 766 829 tenui

246 844 355 896 Suliure
365 850 455 896 tectos
465 844 602 896 Mulciber
611 846 702 913 ignes3

248 916 283 966 Et
293 915 394 965 vivacis
404 914 513 982 fulgura
523 912 649 966 flammae

188 985 239 1036 830
249 986 291 1036 De
304 990 420 1052 cognato
433 981 606 1035 Phaethonte
617 986 680 1050 tuli;

247 1053 360 1117 Habeo,
370 1053 476 1105 mediae
488 1053 561 1105 dona
571 1052 739 1117 Chimaerae,

248 1126 315 1175 Usto
327 1124 397 1174 tauri
409 1128 520 1191 gutture
530 1128 633 1191 raptas,

248 1195 337 1256 Quas,
349 1194 483 1259 permixto
495 1191 560 1245 felle
570 1193 711 1258 Medusae,

249 1264 375 1314 Tacitum
385 1264 450 1314 iussi
461 1278 570 1316 servare
581 1264 690 1316 mulum.

189 1334 239 1384 835
252 1333 326 1384 Adde
337 1333 447 1384 venenis
459 1332 596 1396 stimulos,
607 1333 722 1397 Hecate,

250 1404 389 1470 Donlsque
401 1403 468 1454 meis

250 1471 359 1524 Semina
368 1470 494 1523 flammae
504 1473 615 1524 condita
625 1486 704 1523 serva

251 1542 357 1595 Fallunt
367 1543 454 1605 visus,
466 1548 610 1612 tactusque
621 1541 724 1606 ierant3

247 1612 324 1664 Meet
332 1612 359 1662 iu
371 1619 466 1679 pectus
477 1628 614 1681 venasque
626 1612 713 1675 calor3

189 1684 239 1733 840
252 1681 363 1734 stillent
372 1690 448 1734 artus
455 1720 463 1746 ,
476 1699 592 1752 ossaque
602 1682 716 1744 fument,

248 1753 400 1820 vincatque
412 1767 476 1804 suas
486 1751 619 1822 flagrante
631 1768 709 1805 coma

246 1821 326 1875 Nova
335 1828 421 1889 nupta
431 1821 520 1874 iaces!

246 1890 323 1944 Vota
331 1897 471 1944 tenentur:
482 1897 526 1944 ter
534 1892 650 1944 latratus

247 1962 342 2013 Audax
353 1963 460 2014 Hecate
472 1961 561 2026 dedit,
572 1968 601 2014 et
610 1977 703 2013 saeros

186 2032 236 2082 845
248 2032 342 2084 Edidit
348 2033 427 2100 ignes
438 2030 499 2085 iace
510 2030 644 2084 luctifera.

248 2101 366 2154 Peracta
376 2103 417 2153 vis
428 2107 471 2154 est
481 2103 581 2154 omnis:
592 2100 645 2153 hue
656 2107 736 2153 natos
747 2116 824 2167 voca,

247 2172 375 2224 Pretiosa
384 2187 434 2238 per
444 2188 511 2240 quos
523 2172 595 2223 dona
606 2170 716 2222 nubenti
727 2169 809 2224 ieras.

248 2243 302 2304 lte,
313 2243 367 2304 ite,
377 2242 449 2303 nati,
462 2243 557 2293 matris
567 2240 808 2311 infaustae‘genus,

248 2312 361 2363 Placete
372 2309 449 2362 vobis
460 2327 572 2364 munere
584 2317 612 2362 et
622 2311 708 2363 multa
717 2327 799 2379 prece

188 2381 240 2430 850
251 2381 397 2431 Dominam
407 2380 565 2433 novercam!
575 2381 690 2444 Vadite,
701 2387 730 2433 et
740 2382 841 2434 celeres
853 2383 961 2435 domum

247 2449 359 2502 Referte
369 2464 493 2519 gressus:
505 2451 601 2503 ultimo
611 2451 738 2518 amplexu
750 2458 781 2502 ut
792 2452 875 2506 liuor.
