2150 3125
318 235 510 288 OilePUS.
546 237 634 286 AC'l'.
652 237 699 287 ΙΙΙ.
850 236 902 287 169

107 343 166 396 Non
177 343 328 394 contineret
338 342 365 390 in
378 355 438 391 meo
450 347 554 390 eertum
565 344 651 389 status

107 413 209 463 Tamen
218 411 279 478 ipsa
289 425 332 459 me
344 409 467 461 Fortuna
476 416 606 469 terreret,
618 410 696 460 nimis

109 480 230 532 Sollicita
238 495 351 545 semper.
390 478 488 530 hibent
498 477 552 529 hoo
563 485 623 528 tuto
634 478 684 528 tibi

109 552 214 600 Exuere
225 548 343 614 pondus:
355 562 388 598 ne
401 547 573 600 recedentem
584 549 727 614 opprimat

108 619 314 671 iemteminore
325 617 411 667 tutior
421 631 505 682 pones
515 617 586 668 looo.
850 618 901 668 615

107 701 181 738 ouo.
201 687 327 737 Hortaris
337 687 432 747 etiam,
445 692 543 752 sponte
556 686 690 751 deponam
700 693 731 737 ut
741 701 801 737 meo

107 757 174 806 'i'ans
186 757 279 824 gravia
291 753 391 822 regnat
415 767 463 804 on
483 753 618 806 Suadeam
630 753 683 806 hoo
693 756 745 806 illis
757 771 819 823 ego,

107 829 134 876 in
144 831 287 891 utrumque
298 823 357 892 quis
368 829 410 875 est
420 824 489 874 liber
499 825 644 875 etiamnum
656 831 752 875 statuis·

105 895 166 945 'l'ibi
176 897 230 944 iam
242 907 351 944 necesse
361 899 403 944 est
414 891 487 944 forre
496 891 634 944 fortunam
643 899 727 945 mam.

105 977 178 1013 ouo.
197 963 354 1013 certissima
364 969 407 1013 est
416 977 532 1031 regnare
543 963 661 1028 cupienti
672 963 716 1014 via
850 965 901 1015 680

106 1032 230 1082 Laudare
239 1032 360 1094 modies,
373 1037 401 1082 et
412 1033 496 1082 otium
509 1045 543 1082 ae
552 1045 676 1082 somnum
685 1032 767 1100 ioqui.

105 1102 143 1151 nh
154 1103 274 1168 inquieto
285 1116 367 1167 saepe
377 1101 519 1151 simulatur
548 1102 614 1152 uies.

106 1185 154 1220 on.
174 1170 309 1222 Parumne
318 1185 362 1221 me
371 1176 428 1220 tanr
439 1171 521 1238 longa
550 1169 747 1222 eienditddesi

105 1253 180 1289 ono.
198 1240 306 1290 Aditum
317 1239 431 1290 nocendi
444 1239 548 1306 perfido
560 1246 682 1306 praestet
692 1241 768 1293 tides.

105 1322 155 1359 cm
174 1307 284 1360 Solutus
295 1323 376 1359 onere
387 1310 463 1376 regio
474 1309 551 1376 regni
561 1308 640 1360 bonis
850 1313 900 1362 685

103 1379 204 1439 Fruor‚
215 1377 364 1446 domusque
375 1379 471 1428 uirium
482 1385 564 1429 coetu
574 1378 661 1446 riget3

103 1447 163 1498 Neo
173 1447 227 1497 ulla
237 1446 340 1497 vicibus
352 1449 438 1514 surgit
449 1447 559 1498 alternis
569 1448 635 1508 dies,

103 1519 166 1579 Qua
177 1533 228 1567 non
242 1517 383 1585 propinqui
397 1532 510 1568 munera
520 1516 555 1568 ad
565 1523 674 1569 nostros
683 1517 754 1569 lares

104 1586 211 1652 Soeptri
224 1586 375 1637 redundent
386 1588 487 1648 cultus,
499 1587 645 1654 opulentae
654 1587 747 1653 dapes.

105 1658 215 1707 Donata
225 1655 314 1705 multis
326 1658 416 1723 gratio
425 1663 519 1707 nostra
528 1657 609 1707 salus.
851 1660 901 1710 690

105 1726 177 1786 Quid
187 1732 242 1775 tam
252 1724 351 1776 beatae
362 1725 457 1777 deesse
467 1725 594 1776 fortunae
604 1724 682 1776 reari

103 1810 121 1845 o
128 1808 181 1845 so.
201 1794 280 1856 Quod
291 1794 381 1846 deest:
391 1795 512 1847 secunda
522 1810 575 1845 non
586 1794 688 1845 habent
697 1812 815 1864 unquam

581 1864 698 1915 modum.

105 1948 156 1984 cre
175 1933 317 1999 Incognita
325 1932 409 2001 igitur
417 1939 449 1984 ut
458 1949 560 1986 noeens
571 1950 655 1985 eausa
665 1934 777 1984 cadumi

104 2016 181 2053 orn.
201 2002 271 2054 Num
282 2003 351 2053 ratio
363 2003 439 2053 robis
450 2004 558 2054 reddito
567 2009 610 2054 est
619 2005 692 2055 vitae
700 2003 795 2055 menei

101 2072 174 2123 Num
187 2073 279 2123 audita
290 2087 373 2122 eausa
384 2079 426 2123 est
437 2078 531 2124 nostra
542 2071 682 2123 Tiresiaei
702 2079 793 2123 tamen
852 2075 902 2125 695

100 2141 202 2193 Sontes
213 2141 343 2192 videmur.
378 2143 481 2193 Facitis
492 2142 658 2207 exemplum:
669 2157 777 2209 sequor.

101 2226 119 2261 e
127 2227 153 2262 n
166 2212 250 2274 Quid,
261 2211 284 2261 si
293 2212 422 2263 innocens
433 2210 509 2263 sumi
521 2224 596 2261 oen.
607 2212 698 2261 Dubia
708 2227 757 2277 pro
769 2214 850 2263 certis

611 2281 700 2331 solent

99 2351 213 2401 Timere
223 2364 311 2417 reges.
349 2363 398 2400 ora
418 2350 471 2411 Qui
481 2356 564 2417 pavet
573 2365 657 2399 vanos
668 2356 766 2411 metus,

98 2419 191 2471 Veros
202 2425 329 2469 meretur.
366 2431 441 2468 oen.
461 2419 589 2485 Quisquis
599 2422 626 2468 in
638 2418 718 2483 culpa
728 2418 788 2482 fuit,

96 2490 234 2539 Dimissus
245 2488 303 2538 odit
314 2503 405 2551 omne,
416 2489 488 2557 quod
499 2488 608 2539 dubium
619 2492 704 2553 putat
852 2490 904 2539 7⁰⁰

99 2572 117 2608 o
125 2574 151 2609 n.
173 2556 219 2609 δίο
231 2557 294 2608 odis
306 2558 381 2607 iiunt.
418 2571 493 2608 oso.
504 2558 574 2609 Odia
584 2559 629 2624 qui
640 2560 749 2607 nimium
762 2561 839 2611 timet

99 2629 227 2697 Regnare
238 2628 339 2678 nescite
350 2642 435 2695 regna
445 2626 565 2678 custodit
574 2633 670 2678 metus.

99 2712 152 2748 en.
174 2698 225 2759 Qui
237 2702 346 2762 sceptra
356 2695 423 2745 duro
435 2712 533 2747 saevus
543 2697 657 2761 imperio
669 2698 747 2763 regit,

97 2768 195 2819 Timet
210 2768 351 2828 timentes;
364 2770 451 2816 motus
463 2766 491 2814 in
503 2771 642 2816 auctorem
654 2765 734 2817 redit.
