2150 3125
309 227 499 279 ouDiPUS.
536 229 624 279 ,tc'it
645 229 690 280 ΙΙΙ.
843 229 893 280 itt

95 331 156 384 Nee
167 345 230 381 vere
241 329 321 382 flores
331 331 424 398 Hybla
435 338 476 382 tot
485 333 575 383 medio
585 339 669 394 creat,

94 403 164 452 (ium
174 414 287 452 examen
299 401 354 452 uito
365 403 482 452 nectitur
493 402 605 452 densum
614 403 709 470 giub03
843 404 894 454 teu

95 471 262 538 Fluctusque
274 485 328 521 uon
339 477 383 521 tot
392 469 494 538 frangit
505 472 608 522 ionium
619 487 707 533 ηιατυς

96 538 157 594 Nee
167 545 243 590 tuutu
253 539 335 608 gelidi
346 537 499 606 Strymonis
509 538 617 609 fugiens
628 543 713 591 minus

96 608 240 661 Permutat
250 607 351 661 hiemes
362 609 431 672 sies,
442 615 471 661 et
483 610 588 662 cueiurn
598 624 694 661 seem

98 680 222 746 Tepente
232 677 294 731 Nilo
304 685 401 746 penset
411 681 526 731 Arctoas
537 681 624 731 nives:

99 749 175 810 Quot
183 747 228 800 iile
238 747 354 816 pupulos
365 750 434 799 vatis
446 750 539 800 eduxit
550 765 640 801 sonus.
845 748 895 799 605

97 818 217 870 Pavidue
225 817 345 869 iutebres
357 817 473 869 nemoris
484 818 605 870 umbrosi
615 824 712 886 petunt

96 888 374 940 Animse'trenuentes.
410 888 516 939 Primus
528 889 643 955 emergit
652 887 712 938 soie

96 957 203 1008 Dextra
213 955 334 1010 teretem
345 957 471 1009 cornibus
483 964 590 1008 tuurum
601 970 726 1023 premens

98 1025 214 1089 Zethus3
225 1042 359 1095 manuque
369 1028 504 1080 susstinens
514 1027 593 1078 luere
603 1024 711 1092 chelyn,

99 1097 151 1158 Qui
161 1110 228 1146 saxu
239 1095 310 1147 dulei
319 1098 416 1158 traxit,
428 1095 662 1163 Amphion,sono.
845 1095 895 1144 610

98 1166 224 1232 Interque
235 1172 313 1216 natus
324 1165 446 1216 Tantalis
458 1166 567 1218 tendens
578 1179 642 1216 suos

98 1236 172 1285 Tuto
184 1235 302 1300 superbe
311 1233 366 1286 tert
376 1242 458 1302 eaput
467 1234 542 1287 tastu
553 1249 646 1302 greve,

97 1305 135 1354 Et
144 1309 269 1354 numerat
280 1305 397 1355 umbras.
434 1306 514 1356 Peior
524 1303 576 1355 hue
587 1305 703 1371 genitrix
714 1304 801 1366 adest,

97 1373 255 1424 Furibunda
264 1375 368 1442 Agere,
378 1379 439 1424 tots
449 1388 529 1442 quam
540 1375 662 1441 sequitur
671 1389 766 1424 munus

99 1443 204 1493 Partita
214 1457 314 1511 regern.
352 1441 480 1510 Sequitur
490 1449 518 1494 et
528 1441 653 1495 Bacchas
665 1443 740 1494 lucer
845 1442 895 1491 615

98 1511 249 1576 Pentheus,
260 1517 388 1580 tenetque
399 1529 495 1565 seems
506 1515 589 1565 etiarn
600 1529 671 1564 nune
680 1515 775 1564 minus.
803 1549 844 1590 η
925 1543 944 1576 η

98 1582 234 1645 Ταιιὰοπι,
246 1588 359 1633 nuestus
370 1598 467 1651 saepe,
479 1583 663 1650 pudibundum
675 1570 813 1659 extuliti.
822 1563 883 1630 Li
893 1565 918 1631 ,Ἴ
927 1583 957 1602 ”’

99 1655 200 1719 Caput,
213 1659 294 1719 atque
305 1653 340 1704 ub
352 1655 423 1703 omni
435 1652 550 1704 dissidet
561 1653 641 1703 aurbu
652 1652 746 1719 procui
757 1690 765 1714 ,

97 1723 227 1789 Gelatque
237 1727 324 1774 semet
333 1723 429 1784 (instat
439 1728 468 1774 et
477 1720 588 1789 Stygius
600 1736 694 1788 preees

98 1792 227 1843 Geminut
236 1791 377 1853 sacerdos,
389 1792 475 1843 donee
483 1793 510 1841 in
521 1798 644 1857 apertum
656 1790 752 1842 efferat
846 1793 896 1842 62⁰

96 1858 197 1914 Vultus
207 1864 330 1927 opertos)
341 1860 434 1911 buius.
470 1862 533 1913 Feri
545 1860 656 1911 horreo:

97 1931 182 1982 Stetit
194 1945 241 1997 per
251 1935 327 1980 urtus
338 1932 466 1999 sunguine
478 1929 565 1981 effuso
576 1928 709 1989 horridus,

97 2000 222 2052 Paedure
233 1998 315 2050 foedo
326 2000 475 2067 squalidum
486 2000 614 2051 obtentus
625 2014 740 2061 comant,

97 2073 136 2121 Et
148 2085 194 2120 ere
205 2069 301 2120 rubido
312 2068 397 2119 futur:
410 2070 434 2119 0
446 2068 542 2121 Gedrni
552 2068 646 2132 eiieru,

96 2142 201 2191 cruore
212 2154 319 2205 emper
328 2137 401 2189 laetu
412 2145 529 2207 cognate
540 2140 646 2201 domus,
846 2137 895 2187 625

96 2209 212 2262 vibrate
222 2206 344 2274 thyrsos!
367 2207 465 2259 entheu
474 2215 571 2276 gnatos
583 2224 663 2259 manu

95 2280 235 2330 Laeerete
246 2279 349 2345 potiusx
361 2279 507 2329 maximum
517 2275 620 2328 Thebis
632 2278 720 2329 scelus

95 2348 240 2399 Maternus
253 2361 329 2398 emur
338 2354 387 2398 est.
424 2348 531 2409 Putria,
542 2362 597 2397 non
607 2349 649 2397 ira
659 2347 748 2407 dem,

96 2418 153 2469 Sed
164 2418 266 2469 sceiere
278 2418 389 2484 reperis.
425 2414 485 2467 Non
497 2418 573 2483 gravi
584 2415 649 2466 flatu
661 2417 708 2465 tibi

96 2488 249 2539 Luctificus
260 2487 370 2549 Auster,
382 2501 433 2537 nec
445 2500 539 2552 purum
552 2486 643 2551 pluvio
654 2484 765 2536 aethere
845 2484 896 2534 63⁰

95 2556 204 2608 Satiata
214 2555 293 2608 tellus
303 2552 388 2607 halitu
399 2558 472 2607 sicco
485 2561 577 2607 nocete

95 2626 153 2678 Sed
162 2641 211 2677 rex
222 2631 363 2687 cruentus,
375 2627 464 2693 pretia
472 2626 515 2693 qui
528 2638 626 2675 suevae
638 2626 712 2676 neeis

93 2696 211 2763 Sceptra
222 2702 249 2748 et
260 2695 392 2747 nefandus
405 2700 522 2761 occupet
531 2692 667 2745 thalamos
677 2695 771 2760 putris,

95 2767 186 2817 inuisa
196 2766 300 2834 proles3
312 2764 360 2815 sed
370 2771 460 2815 tumen
472 2766 551 2829 peior
563 2778 670 2830 parens,
