2150 3125
212 223 263 274 160
372 221 406 273 L.
429 218 590 273 nullam
618 219 809 273 SENECAE

271 326 379 378 Hostile
389 325 479 378 valido
489 324 590 376 robore
599 325 715 394 insurgit
724 325 804 387 latus,

271 395 434 462 Septemqus
445 409 528 446 veum
538 395 634 446 ondit
669 395 728 445 llas
739 409 832 445 omues
843 399 917 445 retro

211 467 260 518 365
272 463 422 517 Prohibens
432 465 532 517 reverti
542 464 619 516 limes
630 463 753 532 obliquus
763 470 849 516 secat.

270 536 393 585 Mutatus
404 534 472 584 ordo
484 538 539 597 est,
550 534 616 584 sede
627 533 782 601 nilproprla
790 535 876 598 iacet3

270 604 323 656 Sed
336 610 399 655 acta
408 609 482 655 retro
495 608 602 656 cuncta
637 601 700 654 Nou
710 605 816 654 animae
827 619 916 671 capax

220 729 229 746 1
269 675 299 725 ln
309 680 386 740 parte
399 673 496 726 dextra
506 672 596 740 pulmo
606 674 769 740 sanguineus
780 675 866 737 iacet;

270 743 331 794 Non
342 744 420 794 laeva
429 742 519 794 cordis
530 744 621 810 regio;
632 758 686 793 non
695 743 770 794 molli
780 742 882 795 ambitu

211 815 261 865 3⁶10
273 813 389 865 omenta
400 813 513 882 pingues
524 813 621 864 visceri
632 812 783 864 obtendunt
792 813 873 865 sinus.

271 882 376 934 Natura
385 897 465 932 versa
476 887 530 946 est;
541 881 615 932 nulla
623 882 668 933 lex
677 887 757 934 utero
769 889 867 934 manet.

272 951 442 1014 scrutemur,
454 951 525 1002 unde
535 957 627 1003 tantus
639 949 683 1002 bio
694 954 764 1003 extis
774 953 856 1020 rigor.

273 1022 353 1085 Quod
362 1019 416 1072 hoc
428 1020 520 1074 nefas!
542 1022 696 1088 conceptus
705 1023 834 1088 innuptae
844 1022 931 1086 boris,

273 1091 331 1142 Nec
342 1106 418 1142 more
428 1091 509 1142 solito
521 1092 639 1158 positus,
650 1090 737 1144 alieno
747 1093 775 1142 in
786 1091 847 1143 loco

215 1161 264 1211 375
274 1160 372 1228 Implet
382 1168 529 1226 parentem.
548 1160 672 1212 Membra
682 1177 742 1212 cum
754 1163 856 1229 gemitu
866 1168 972 1223 movet;

274 1229 402 1282 'l'remulo
414 1232 504 1298 rigore
516 1229 618 1282 debiles
628 1236 703 1282 artus
713 1232 827 1294 alicam

274 1299 372 1352 Infecit
382 1305 456 1350 atras
476 1299 573 1350 lividus
582 1300 664 1350 libras
677 1315 770 1363 cruor3
798 1300 801 1303 ’

275 1371 446 1435 Tentantque
458 1375 552 1436 turpes
562 1368 688 1421 mobilem
698 1370 789 1420 trunci
797 1369 921 1436 gradum,

276 1441 312 1490 Et
321 1440 400 1489 inane
411 1441 497 1507 surgit
507 1454 620 1505 eorpus,
631 1456 664 1490 ao
675 1454 768 1490 saeros
779 1440 849 1505 petit

215 1512 265 1563 380
278 1511 365 1560 Cornu
377 1508 526 1574 ministros;
538 1511 644 1560 viscera
654 1508 786 1578 effugiunt
795 1523 917 1574 manum3

275 1578 370 1647 Neque
380 1580 453 1646 ipsa,
465 1595 533 1647 quae
544 1586 571 1631 te
582 1579 698 1646 pepulit,
710 1581 824 1631 armenti
835 1582 925 1647 gravis

274 1649 337 1700 Vox
348 1654 402 1712 est,
415 1663 465 1699 nee
475 1664 588 1716 usquam
598 1651 686 1700 territi
696 1654 824 1701 resonant
833 1665 943 1717 greges:

273 1719 400 1786 lmmugit
411 1720 465 1769 aris
474 1718 558 1786 ignis,
569 1724 598 1770 et
609 1719 746 1785 trepidant
755 1718 819 1770 foci.

274 1803 315 1839 oa
322 1804 351 1839 o.
371 1788 423 1850 Qui
432 1791 486 1839 ista
496 1790 566 1840 sacri
577 1789 654 1856 signa
665 1789 777 1840 terrifici
786 1788 884 1851 lerant,

214 1860 263 1910 385
273 1859 425 1925 Exprome:
436 1873 517 1910 voces
529 1874 594 1910 aure
605 1874 660 1909 non
669 1859 766 1909 timida
775 1854 906 1910 hauriam.

273 1927 369 1979 Solent
377 1942 504 1994 suprema
513 1928 605 1979 iacere
617 1944 729 1979 securos
738 1928 817 1979 mala

272 2012 339 2048 ura.
358 1997 409 2048 llis
420 1997 566 2060 invidebis,
577 1998 673 2066 quibus
683 2014 763 2064 opem
775 1998 894 2066 quaeris,
906 1999 991 2050 malis.

274 2081 350 2118 our).
361 2068 493 2128 Memora,
505 2068 740 2134 quodunumsciro
750 2068 896 2120 coelicolae
908 2070 1010 2133 volunt,

273 2138 468 2189 Contaminarit
478 2152 542 2204 rege
555 2139 613 2205 quis
625 2152 705 2189 caeso
716 2152 819 2189 mnus.

213 2208 262 2259 390
274 2221 341 2257 ‘rra
360 2205 418 2257 Nec
429 2206 485 2257 alta
496 2207 566 2258 coeli
576 2222 645 2274 quae
656 2208 709 2260 levi
719 2223 809 2274 penna
818 2216 921 2271 secant,

272 2276 330 2328 Neo
342 2276 412 2327 libra
422 2277 488 2327 vivis
500 2282 580 2344 rapta
589 2277 746 2343 pectoribus
757 2283 849 2343 potest

273 2348 349 2398 ciere
360 2361 471 2397 nomen:
484 2346 537 2397 alia
545 2345 677 2398 tentanda
684 2353 727 2398 est
737 2349 788 2398 via.

270 2417 331 2482 lpse
344 2413 498 2467 evocandus
508 2417 597 2467 noctis
607 2422 734 2469 aeternae
745 2416 845 2484 plagis:

271 2485 392 2537 Emissus
403 2484 492 2535 Erebo
503 2492 534 2536 ut
545 2485 636 2537 caedis
647 2494 786 2538 auctorem
797 2484 909 2537 indicet.

212 2556 261 2606 395
273 2552 429 2605 Reseranda
439 2554 530 2617 tellus,
542 2556 614 2606 Ditis
623 2555 794 2623 implacabile

271 2623 375 2673 Numen
385 2623 564 2690 precandum,
576 2626 690 2691 populus
700 2625 821 2678 infernae
833 2622 926 2691 Stygis

273 2694 333 2742 lluo
344 2689 533 2744 extrahendus.
553 2694 624 2743 Ede:
636 2696 679 2746 cui
689 2696 801 2746 mandas
811 2692 935 2745 sacruml

273 2760 341 2812 Nam
354 2766 395 2823 te,
407 2775 489 2826 penes
501 2777 581 2827 quem
591 2779 696 2816 summa
706 2780 852 2833 regnorum
862 2771 919 2828 est,
931 2764 1008 2817 nefas
