<?xml version="1.0" encoding="UTF-8"?>
<!DOCTYPE html PUBLIC "-//W3C//DTD XHTML 1.0 Transitional//EN"
    "http://www.w3.org/TR/xhtml1/DTD/xhtml1-transitional.dtd">
<html xmlns="http://www.w3.org/1999/xhtml" xml:lang="en" lang="en">
 <head>
  <title>
</title>
<meta http-equiv="Content-Type" content="text/html;charset=utf-8" />
  <meta name='ocr-system' content='tesseract 3.04.00' />
  <meta name='ocr-capabilities' content='ocr_page ocr_carea ocr_par ocr_line ocrx_word'/>
</head>
<body>
  <div class='ocr_page' id='page_1' title='image "./lannaeisenecaet05senegoog_0267.png"; bbox 0 0 2150 3125; ppageno 0'>
   <div class='ocr_carea' id='block_1_1' title="bbox 251 180 892 232">
    <p class='ocr_par' dir='ltr' id='par_1_1' title="bbox 251 180 892 232">
     <span class='ocr_line' id='line_1_1' title="bbox 251 180 892 232; baseline -0.003 -1"><span class='ocrx_word' id='word_1_1' title='bbox 251 180 529 232; x_wconf 73' lang='lat' dir='ltr'><strong>AGAMEMNON.</strong></span> <span class='ocrx_word' id='word_1_2' title='bbox 567 182 656 231; x_wconf 70' lang='lat' dir='ltr'><strong>dc&#39;l&#39;.</strong></span> <span class='ocrx_word' id='word_1_3' title='bbox 677 181 709 231; x_wconf 87' lang='lat' dir='ltr'><strong>ii.</strong></span> <span class='ocrx_word' id='word_1_4' title='bbox 842 180 892 229; x_wconf 80' lang='lat'><strong>263</strong></span> 
     </span>
    </p>
   </div>
   <div class='ocr_carea' id='block_1_2' title="bbox 85 281 894 2785">
    <p class='ocr_par' dir='ltr' id='par_1_2' title="bbox 86 281 892 421">
     <span class='ocr_line' id='line_1_2' title="bbox 86 281 892 351; baseline -0.007 -15"><span class='ocrx_word' id='word_1_5' title='bbox 86 286 125 336; x_wconf 84' lang='lat' dir='ltr'><strong>Et</strong></span> <span class='ocrx_word' id='word_1_6' title='bbox 134 290 198 351; x_wconf 90' lang='lat' dir='ltr'><strong>post</strong></span> <span class='ocrx_word' id='word_1_7' title='bbox 208 290 324 350; x_wconf 85' lang='lat' dir='ltr'><strong>tropaea</strong></span> <span class='ocrx_word' id='word_1_8' title='bbox 335 285 420 335; x_wconf 84' lang='lat' dir='ltr'><strong>&#39;i&#39;roia</strong></span> <span class='ocrx_word' id='word_1_9' title='bbox 430 299 462 334; x_wconf 85' lang='lat' dir='ltr'><strong>ae</strong></span> <span class='ocrx_word' id='word_1_10' title='bbox 473 299 581 335; x_wconf 84' lang='lat' dir='ltr'><strong>versum</strong></span> <span class='ocrx_word' id='word_1_11' title='bbox 592 284 669 334; x_wconf 89' lang='lat' dir='ltr'><strong>ilium</strong></span> <span class='ocrx_word' id='word_1_12' title='bbox 842 281 892 332; x_wconf 77' lang='lat'><strong>190</strong></span> 
     </span>
     <span class='ocr_line' id='line_1_3' title="bbox 86 354 681 421; baseline -0.005 -15"><span class='ocrx_word' id='word_1_13' title='bbox 86 357 189 421; x_wconf 86' lang='lat' dir='ltr'><strong>Captae</strong></span> <span class='ocrx_word' id='word_1_14' title='bbox 200 355 314 404; x_wconf 85' lang='lat' dir='ltr'><strong>maritus</strong></span> <span class='ocrx_word' id='word_1_15' title='bbox 324 360 430 405; x_wconf 86' lang='lat' dir='ltr'><strong>remeat</strong></span> <span class='ocrx_word' id='word_1_16' title='bbox 440 360 469 405; x_wconf 89' lang='lat' dir='ltr'><strong>et</strong></span> <span class='ocrx_word' id='word_1_17' title='bbox 479 354 579 404; x_wconf 88' lang='lat' dir='ltr'><strong>Priami</strong></span> <span class='ocrx_word' id='word_1_18' title='bbox 590 368 681 421; x_wconf 83' lang='lat' dir='ltr'><strong>gener.</strong></span> 
     </span>
    </p>

    <p class='ocr_par' dir='ltr' id='par_1_3' title="bbox 85 422 729 491">
     <span class='ocr_line' id='line_1_4' title="bbox 85 422 729 491; baseline 0 -18"><span class='ocrx_word' id='word_1_19' title='bbox 85 424 250 491; x_wconf 78' lang='lat' dir='ltr'><strong>Adeingerc,</strong></span> <span class='ocrx_word' id='word_1_20' title='bbox 262 424 364 475; x_wconf 85' lang='lat' dir='ltr'><strong>anime:</strong></span> <span class='ocrx_word' id='word_1_21' title='bbox 375 422 447 475; x_wconf 81' lang='lat' dir='ltr'><strong>belia</strong></span> <span class='ocrx_word' id='word_1_22' title='bbox 457 438 511 475; x_wconf 89' lang='lat' dir='ltr'><strong>non</strong></span> <span class='ocrx_word' id='word_1_23' title='bbox 521 422 593 475; x_wconf 84' lang='lat' dir='ltr'><strong>leria</strong></span> <span class='ocrx_word' id='word_1_24' title='bbox 604 423 729 489; x_wconf 79' lang='lat' dir='ltr'><strong>adparar.</strong></span> 
     </span>
    </p>

    <p class='ocr_par' dir='ltr' id='par_1_4' title="bbox 86 490 890 629">
     <span class='ocr_line' id='line_1_5' title="bbox 87 490 890 562; baseline -0.004 -19"><span class='ocrx_word' id='word_1_25' title='bbox 87 491 182 543; x_wconf 80' lang='lat' dir='ltr'>Scelus</span> <span class='ocrx_word' id='word_1_26' title='bbox 194 493 381 560; x_wconf 88' lang='lat' dir='ltr'><strong>occupandum</strong></span> <span class='ocrx_word' id='word_1_27' title='bbox 393 492 447 544; x_wconf 88' lang='lat' dir='ltr'><strong>esti</strong></span> <span class='ocrx_word' id='word_1_28' title='bbox 468 493 565 562; x_wconf 75' lang='lat' dir='ltr'><strong>Pigra,</strong></span> <span class='ocrx_word' id='word_1_29' title='bbox 577 508 656 560; x_wconf 86' lang='lat' dir='ltr'><strong>quem</strong></span> <span class='ocrx_word' id='word_1_30' title='bbox 667 490 890 559; x_wconf 77' lang='lat' dir='ltr'><strong>expectandicmi</strong></span> 
     </span>
     <span class='ocr_line' id='line_1_6' title="bbox 86 559 782 629; baseline -0.004 -16"><span class='ocrx_word' id='word_1_31' title='bbox 86 563 202 629; x_wconf 80' lang='lat' dir='ltr'><strong>Pelopia</strong></span> <span class='ocrx_word' id='word_1_32' title='bbox 213 560 352 629; x_wconf 75' lang='lat' dir='ltr'><strong>Phrygiae</strong></span> <span class='ocrx_word' id='word_1_33' title='bbox 363 569 473 629; x_wconf 84' lang='lat' dir='ltr'><strong>sceptra</strong></span> <span class='ocrx_word' id='word_1_34' title='bbox 484 562 548 613; x_wconf 91' lang='lat' dir='ltr'><strong>dum</strong></span> <span class='ocrx_word' id='word_1_35' title='bbox 558 568 670 615; x_wconf 78' lang='lat' dir='ltr'><strong>teneant</strong></span> <span class='ocrx_word' id='word_1_36' title='bbox 682 559 782 613; x_wconf 77' lang='lat' dir='ltr'><strong>nurusi</strong></span> 
     </span>
    </p>

    <p class='ocr_par' dir='ltr' id='par_1_5' title="bbox 86 630 893 768">
     <span class='ocr_line' id='line_1_7' title="bbox 86 630 893 701; baseline -0.002 -20"><span class='ocrx_word' id='word_1_37' title='bbox 86 634 126 682; x_wconf 79' lang='lat' dir='ltr'><strong>Au</strong></span> <span class='ocrx_word' id='word_1_38' title='bbox 138 637 319 683; x_wconf 87' lang='lat' dir='ltr'><strong>temerantur</strong></span> <span class='ocrx_word' id='word_1_39' title='bbox 328 633 445 701; x_wconf 74' lang='lat' dir='ltr'><strong>virgines</strong></span> <span class='ocrx_word' id='word_1_40' title='bbox 456 631 554 683; x_wconf 80' lang='lat' dir='ltr'><strong>viduae</strong></span> <span class='ocrx_word' id='word_1_41' title='bbox 565 632 647 694; x_wconf 91' lang='lat' dir='ltr'><strong>domi,</strong></span> <span class='ocrx_word' id='word_1_42' title='bbox 841 630 893 680; x_wconf 75' lang='lat'><strong>1⁹5</strong></span> 
     </span>
     <span class='ocr_line' id='line_1_8' title="bbox 88 700 715 768; baseline -0.002 -16"><span class='ocrx_word' id='word_1_43' title='bbox 88 702 218 768; x_wconf 78' lang='lat' dir='ltr'><strong>Patrique</strong></span> <span class='ocrx_word' id='word_1_44' title='bbox 230 701 343 753; x_wconf 86' lang='lat' dir='ltr'><strong>Orestes</strong></span> <span class='ocrx_word' id='word_1_45' title='bbox 355 700 465 752; x_wconf 76' lang='lat' dir='ltr'><strong>similist</strong></span> <span class='ocrx_word' id='word_1_46' title='bbox 485 701 593 751; x_wconf 83' lang='lat' dir='ltr'><strong>Horum</strong></span> <span class='ocrx_word' id='word_1_47' title='bbox 604 708 631 751; x_wconf 89' lang='lat' dir='ltr'><strong>te</strong></span> <span class='ocrx_word' id='word_1_48' title='bbox 642 701 715 752; x_wconf 85' lang='lat' dir='ltr'><strong>maia</strong></span> 
     </span>
    </p>

    <p class='ocr_par' dir='ltr' id='par_1_6' title="bbox 88 770 770 838">
     <span class='ocr_line' id='line_1_9' title="bbox 88 770 770 838; baseline 0.001 -16"><span class='ocrx_word' id='word_1_49' title='bbox 88 771 213 823; x_wconf 84' lang='lat' dir='ltr'><strong>Ventura</strong></span> <span class='ocrx_word' id='word_1_50' title='bbox 221 776 364 833; x_wconf 87' lang='lat' dir='ltr'><strong>morcant,</strong></span> <span class='ocrx_word' id='word_1_51' title='bbox 375 770 455 822; x_wconf 87' lang='lat' dir='ltr'><strong>turbo</strong></span> <span class='ocrx_word' id='word_1_52' title='bbox 467 772 526 838; x_wconf 85' lang='lat' dir='ltr'><strong>quis</strong></span> <span class='ocrx_word' id='word_1_53' title='bbox 538 786 629 823; x_wconf 79' lang='lat' dir='ltr'><strong>retum</strong></span> <span class='ocrx_word' id='word_1_54' title='bbox 638 772 770 823; x_wconf 85' lang='lat' dir='ltr'><strong>imminet.</strong></span> 
     </span>
    </p>

    <p class='ocr_par' dir='ltr' id='par_1_7' title="bbox 90 839 750 907">
     <span class='ocr_line' id='line_1_10' title="bbox 90 839 750 907; baseline 0.002 -15"><span class='ocrx_word' id='word_1_55' title='bbox 90 840 175 903; x_wconf 78' lang='lat' dir='ltr'><strong>Quid,</strong></span> <span class='ocrx_word' id='word_1_56' title='bbox 186 840 298 902; x_wconf 84' lang='lat' dir='ltr'><strong>misera,</strong></span> <span class='ocrx_word' id='word_1_57' title='bbox 310 839 419 892; x_wconf 81' lang='lat' dir='ltr'><strong>cessari</strong></span> <span class='ocrx_word' id='word_1_58' title='bbox 438 840 494 902; x_wconf 76' lang='lat' dir='ltr'><strong>En,</strong></span> <span class='ocrx_word' id='word_1_59' title='bbox 505 840 585 893; x_wconf 84' lang='lat' dir='ltr'><strong>adast</strong></span> <span class='ocrx_word' id='word_1_60' title='bbox 596 841 685 907; x_wconf 77' lang='lat' dir='ltr'><strong>gnatis</strong></span> <span class='ocrx_word' id='word_1_61' title='bbox 696 841 750 893; x_wconf 73' lang='lat' dir='ltr'><strong>tisis</strong></span> 
     </span>
    </p>

    <p class='ocr_par' dir='ltr' id='par_1_8' title="bbox 89 908 748 978">
     <span class='ocr_line' id='line_1_11' title="bbox 89 908 748 978; baseline -0.003 -17"><span class='ocrx_word' id='word_1_62' title='bbox 89 911 195 961; x_wconf 86' lang='lat' dir='ltr'><strong>Furens</strong></span> <span class='ocrx_word' id='word_1_63' title='bbox 205 908 335 961; x_wconf 83' lang='lat' dir='ltr'><strong>noverca!</strong></span> <span class='ocrx_word' id='word_1_64' title='bbox 358 910 411 962; x_wconf 86' lang='lat' dir='ltr'><strong>Par</strong></span> <span class='ocrx_word' id='word_1_65' title='bbox 419 915 510 973; x_wconf 76' lang='lat' dir='ltr'><strong>mum,</strong></span> <span class='ocrx_word' id='word_1_66' title='bbox 522 911 544 960; x_wconf 89' lang='lat' dir='ltr'><strong>si</strong></span> <span class='ocrx_word' id='word_1_67' title='bbox 556 910 636 961; x_wconf 88' lang='lat' dir='ltr'><strong>aliter</strong></span> <span class='ocrx_word' id='word_1_68' title='bbox 646 910 748 978; x_wconf 72' lang='lat' dir='ltr'><strong>nequit,</strong></span> 
     </span>
    </p>

    <p class='ocr_par' dir='ltr' id='par_1_9' title="bbox 89 976 894 1117">
     <span class='ocr_line' id='line_1_12' title="bbox 89 976 894 1047; baseline -0.006 -16"><span class='ocrx_word' id='word_1_69' title='bbox 89 981 177 1031; x_wconf 88' lang='lat' dir='ltr'><strong>Latus</strong></span> <span class='ocrx_word' id='word_1_70' title='bbox 189 980 315 1047; x_wconf 75' lang='lat' dir='ltr'><strong>exigatur</strong></span> <span class='ocrx_word' id='word_1_71' title='bbox 324 980 449 1041; x_wconf 86' lang='lat' dir='ltr'><strong>ensis‚et</strong></span> <span class='ocrx_word' id='word_1_72' title='bbox 459 980 576 1045; x_wconf 85' lang='lat' dir='ltr'><strong>perimat</strong></span> <span class='ocrx_word' id='word_1_73' title='bbox 587 976 668 1031; x_wconf 88' lang='lat' dir='ltr'><strong>duosi</strong></span> <span class='ocrx_word' id='word_1_74' title='bbox 843 980 894 1028; x_wconf 79' lang='lat'><strong>2⁰0</strong></span> 
     </span>
     <span class='ocr_line' id='line_1_13' title="bbox 89 1046 691 1117; baseline -0.005 -16"><span class='ocrx_word' id='word_1_75' title='bbox 89 1050 177 1101; x_wconf 88' lang='lat' dir='ltr'><strong>Misce</strong></span> <span class='ocrx_word' id='word_1_76' title='bbox 188 1046 326 1101; x_wconf 85' lang='lat' dir='ltr'><strong>cruorem!</strong></span> <span class='ocrx_word' id='word_1_77' title='bbox 348 1049 430 1117; x_wconf 89' lang='lat' dir='ltr'><strong>perde</strong></span> <span class='ocrx_word' id='word_1_78' title='bbox 441 1048 581 1115; x_wconf 82' lang='lat' dir='ltr'><strong>pereundo</strong></span> <span class='ocrx_word' id='word_1_79' title='bbox 592 1046 691 1099; x_wconf 75' lang='lat' dir='ltr'><strong>virumi</strong></span> 
     </span>
    </p>

    <p class='ocr_par' dir='ltr' id='par_1_10' title="bbox 90 1118 764 1185">
     <span class='ocr_line' id='line_1_14' title="bbox 90 1118 764 1185; baseline -0.004 -15"><span class='ocrx_word' id='word_1_80' title='bbox 90 1120 169 1170; x_wconf 85' lang='lat' dir='ltr'><strong>Mors</strong></span> <span class='ocrx_word' id='word_1_81' title='bbox 179 1119 280 1169; x_wconf 78' lang='lat' dir='ltr'><strong>adsero</strong></span> <span class='ocrx_word' id='word_1_82' title='bbox 289 1132 344 1169; x_wconf 88' lang='lat' dir='ltr'><strong>non</strong></span> <span class='ocrx_word' id='word_1_83' title='bbox 356 1124 400 1170; x_wconf 90' lang='lat' dir='ltr'><strong>est</strong></span> <span class='ocrx_word' id='word_1_84' title='bbox 409 1120 542 1171; x_wconf 90' lang='lat' dir='ltr'><strong>commori</strong></span> <span class='ocrx_word' id='word_1_85' title='bbox 552 1131 615 1171; x_wconf 84' lang='lat' dir='ltr'><strong>oum</strong></span> <span class='ocrx_word' id='word_1_86' title='bbox 625 1130 679 1185; x_wconf 85' lang='lat' dir='ltr'><strong>quo</strong></span> <span class='ocrx_word' id='word_1_87' title='bbox 690 1118 764 1169; x_wconf 83' lang='lat' dir='ltr'><strong>reiis.</strong></span> 
     </span>
    </p>

    <p class='ocr_par' dir='ltr' id='par_1_11' title="bbox 91 1186 771 1256">
     <span class='ocr_line' id='line_1_15' title="bbox 91 1186 771 1256; baseline 0 -17"><span class='ocrx_word' id='word_1_88' title='bbox 91 1204 109 1239; x_wconf 77' lang='lat' dir='ltr'><strong>n</strong></span> <span class='ocrx_word' id='word_1_89' title='bbox 116 1202 134 1239; x_wconf 93' lang='lat' dir='ltr'><strong>u</strong></span> <span class='ocrx_word' id='word_1_90' title='bbox 141 1202 193 1238; x_wconf 72' lang='lat' dir='ltr'><strong>un,</strong></span> <span class='ocrx_word' id='word_1_91' title='bbox 203 1188 320 1256; x_wconf 76' lang='lat' dir='ltr'><strong>Regina,</strong></span> <span class='ocrx_word' id='word_1_92' title='bbox 331 1186 410 1240; x_wconf 83' lang='lat' dir='ltr'><strong>frena</strong></span> <span class='ocrx_word' id='word_1_93' title='bbox 419 1194 504 1239; x_wconf 84' lang='lat' dir='ltr'><strong>temet</strong></span> <span class='ocrx_word' id='word_1_94' title='bbox 514 1194 544 1239; x_wconf 88' lang='lat' dir='ltr'><strong>ct</strong></span> <span class='ocrx_word' id='word_1_95' title='bbox 552 1188 619 1241; x_wconf 84' lang='lat' dir='ltr'><strong>siste</strong></span> <span class='ocrx_word' id='word_1_96' title='bbox 629 1188 771 1253; x_wconf 86' lang='lat' dir='ltr'><strong>impetum,</strong></span> 
     </span>
    </p>

    <p class='ocr_par' dir='ltr' id='par_1_12' title="bbox 90 1255 686 1326">
     <span class='ocr_line' id='line_1_16' title="bbox 90 1255 686 1326; baseline -0.002 -16"><span class='ocrx_word' id='word_1_97' title='bbox 90 1259 141 1319; x_wconf 86' lang='lat' dir='ltr'><strong>Et,</strong></span> <span class='ocrx_word' id='word_1_98' title='bbox 152 1263 253 1326; x_wconf 80' lang='lat' dir='ltr'><strong>quanta</strong></span> <span class='ocrx_word' id='word_1_99' title='bbox 263 1263 366 1320; x_wconf 86' lang='lat' dir='ltr'><strong>tentes,</strong></span> <span class='ocrx_word' id='word_1_100' title='bbox 378 1255 482 1325; x_wconf 79' lang='lat' dir='ltr'><strong>cogita!</strong></span> <span class='ocrx_word' id='word_1_101' title='bbox 504 1256 603 1311; x_wconf 83' lang='lat' dir='ltr'><strong>Victor</strong></span> <span class='ocrx_word' id='word_1_102' title='bbox 611 1256 686 1309; x_wconf 79' lang='lat' dir='ltr'><strong>veuit</strong></span> 
     </span>
    </p>

    <p class='ocr_par' dir='ltr' id='par_1_13' title="bbox 90 1324 630 1394">
     <span class='ocr_line' id='line_1_17' title="bbox 90 1324 630 1394; baseline -0.002 -16"><span class='ocrx_word' id='word_1_103' title='bbox 90 1329 171 1379; x_wconf 83' lang='lat' dir='ltr'><strong>Asiae</strong></span> <span class='ocrx_word' id='word_1_104' title='bbox 181 1326 295 1391; x_wconf 83' lang='lat' dir='ltr'><strong>ferocis,</strong></span> <span class='ocrx_word' id='word_1_105' title='bbox 307 1327 380 1379; x_wconf 87' lang='lat' dir='ltr'><strong>ultor</strong></span> <span class='ocrx_word' id='word_1_106' title='bbox 389 1328 531 1394; x_wconf 79' lang='lat' dir='ltr'><strong>Europee3</strong></span> <span class='ocrx_word' id='word_1_107' title='bbox 544 1324 630 1379; x_wconf 85' lang='lat' dir='ltr'><strong>trehit</strong></span> 
     </span>
    </p>

    <p class='ocr_par' dir='ltr' id='par_1_14' title="bbox 92 1395 690 1465">
     <span class='ocr_line' id='line_1_18' title="bbox 92 1395 690 1465; baseline -0.005 -16"><span class='ocrx_word' id='word_1_108' title='bbox 92 1398 206 1464; x_wconf 81' lang='lat' dir='ltr'><strong>Captiva</strong></span> <span class='ocrx_word' id='word_1_109' title='bbox 215 1397 352 1465; x_wconf 77' lang='lat' dir='ltr'><strong>Pergama</strong></span> <span class='ocrx_word' id='word_1_110' title='bbox 360 1405 390 1449; x_wconf 92' lang='lat' dir='ltr'><strong>et</strong></span> <span class='ocrx_word' id='word_1_111' title='bbox 399 1397 446 1449; x_wconf 92' lang='lat' dir='ltr'><strong>diu</strong></span> <span class='ocrx_word' id='word_1_112' title='bbox 456 1397 544 1449; x_wconf 85' lang='lat' dir='ltr'><strong>victos</strong></span> <span class='ocrx_word' id='word_1_113' title='bbox 555 1395 690 1463; x_wconf 74' lang='lat' dir='ltr'><strong>Phrygas.</strong></span> 
     </span>
    </p>

    <p class='ocr_par' dir='ltr' id='par_1_15' title="bbox 92 1463 739 1534">
     <span class='ocr_line' id='line_1_19' title="bbox 92 1463 739 1534; baseline -0.002 -17"><span class='ocrx_word' id='word_1_114' title='bbox 92 1467 174 1517; x_wconf 85' lang='lat' dir='ltr'><strong>Hunc</strong></span> <span class='ocrx_word' id='word_1_115' title='bbox 183 1464 280 1518; x_wconf 79' lang='lat' dir='ltr'><strong>fraude</strong></span> <span class='ocrx_word' id='word_1_116' title='bbox 292 1483 363 1519; x_wconf 90' lang='lat' dir='ltr'><strong>nunc</strong></span> <span class='ocrx_word' id='word_1_117' title='bbox 372 1468 481 1519; x_wconf 85' lang='lat' dir='ltr'><strong>conaris</strong></span> <span class='ocrx_word' id='word_1_118' title='bbox 490 1471 520 1519; x_wconf 88' lang='lat' dir='ltr'><strong>et</strong></span> <span class='ocrx_word' id='word_1_119' title='bbox 530 1465 606 1519; x_wconf 81' lang='lat' dir='ltr'><strong>furto</strong></span> <span class='ocrx_word' id='word_1_120' title='bbox 617 1463 739 1534; x_wconf 75' lang='lat' dir='ltr'><strong>adgredi,</strong></span> 
     </span>
    </p>

    <p class='ocr_par' dir='ltr' id='par_1_16' title="bbox 94 1534 650 1598">
     <span class='ocr_line' id='line_1_20' title="bbox 94 1534 650 1598; baseline 0.002 -12"><span class='ocrx_word' id='word_1_121' title='bbox 94 1535 181 1598; x_wconf 74' lang='lat' dir='ltr'><strong>Quem</strong></span> <span class='ocrx_word' id='word_1_122' title='bbox 191 1550 244 1587; x_wconf 92' lang='lat' dir='ltr'><strong>non</strong></span> <span class='ocrx_word' id='word_1_123' title='bbox 255 1534 371 1590; x_wconf 76' lang='lat' dir='ltr'><strong>Achilles</strong></span> <span class='ocrx_word' id='word_1_124' title='bbox 381 1552 446 1590; x_wconf 87' lang='lat' dir='ltr'><strong>ausc</strong></span> <span class='ocrx_word' id='word_1_125' title='bbox 456 1536 570 1590; x_wconf 85' lang='lat' dir='ltr'><strong>violavit</strong></span> <span class='ocrx_word' id='word_1_126' title='bbox 581 1534 650 1598; x_wconf 84' lang='lat' dir='ltr'><strong>iero,</strong></span> 
     </span>
    </p>

    <p class='ocr_par' dir='ltr' id='par_1_17' title="bbox 95 1607 768 1673">
     <span class='ocr_line' id='line_1_21' title="bbox 95 1607 768 1673; baseline -0.001 -17"><span class='ocrx_word' id='word_1_127' title='bbox 95 1607 224 1669; x_wconf 72' lang='lat' dir='ltr'><strong>Quamvis</strong></span> <span class='ocrx_word' id='word_1_128' title='bbox 235 1622 381 1673; x_wconf 78' lang='lat' dir='ltr'><strong>procacem</strong></span> <span class='ocrx_word' id='word_1_129' title='bbox 392 1613 486 1660; x_wconf 72' lang='lat' dir='ltr'><strong>torvus</strong></span> <span class='ocrx_word' id='word_1_130' title='bbox 496 1612 632 1660; x_wconf 83' lang='lat' dir='ltr'><strong>armasset</strong></span> <span class='ocrx_word' id='word_1_131' title='bbox 642 1618 768 1668; x_wconf 71' lang='lat' dir='ltr'><strong>menam</strong></span> 
     </span>
    </p>

    <p class='ocr_par' dir='ltr' id='par_1_18' title="bbox 92 1674 692 1740">
     <span class='ocr_line' id='line_1_22' title="bbox 92 1674 692 1740; baseline -0.002 -13"><span class='ocrx_word' id='word_1_132' title='bbox 92 1675 154 1727; x_wconf 89' lang='lat' dir='ltr'><strong>Nou</strong></span> <span class='ocrx_word' id='word_1_133' title='bbox 165 1674 261 1726; x_wconf 87' lang='lat' dir='ltr'><strong>meiior</strong></span> <span class='ocrx_word' id='word_1_134' title='bbox 272 1677 352 1739; x_wconf 75' lang='lat' dir='ltr'><strong>Aiax,</strong></span> <span class='ocrx_word' id='word_1_135' title='bbox 363 1683 452 1729; x_wconf 85' lang='lat' dir='ltr'><strong>morte</strong></span> <span class='ocrx_word' id='word_1_136' title='bbox 463 1677 575 1730; x_wconf 84' lang='lat' dir='ltr'><strong>decreta</strong></span> <span class='ocrx_word' id='word_1_137' title='bbox 585 1675 692 1740; x_wconf 82' lang='lat' dir='ltr'><strong>iurens3</strong></span> 
     </span>
    </p>

    <p class='ocr_par' dir='ltr' id='par_1_19' title="bbox 93 1744 681 1808">
     <span class='ocr_line' id='line_1_23' title="bbox 93 1744 681 1808; baseline 0.003 -12"><span class='ocrx_word' id='word_1_138' title='bbox 93 1744 156 1796; x_wconf 86' lang='lat' dir='ltr'><strong>Non</strong></span> <span class='ocrx_word' id='word_1_139' title='bbox 166 1744 225 1795; x_wconf 85' lang='lat' dir='ltr'><strong>soia</strong></span> <span class='ocrx_word' id='word_1_140' title='bbox 236 1744 340 1798; x_wconf 87' lang='lat' dir='ltr'><strong>Danais</strong></span> <span class='ocrx_word' id='word_1_141' title='bbox 349 1746 457 1800; x_wconf 82' lang='lat' dir='ltr'><strong>Hector</strong></span> <span class='ocrx_word' id='word_1_142' title='bbox 466 1752 495 1798; x_wconf 86' lang='lat' dir='ltr'><strong>et</strong></span> <span class='ocrx_word' id='word_1_143' title='bbox 504 1745 577 1798; x_wconf 81' lang='lat' dir='ltr'><strong>bello</strong></span> <span class='ocrx_word' id='word_1_144' title='bbox 590 1760 681 1808; x_wconf 62' lang='lat' dir='ltr'><strong>mern</strong></span> 
     </span>
    </p>

    <p class='ocr_par' dir='ltr' id='par_1_20' title="bbox 94 1812 727 1882">
     <span class='ocr_line' id='line_1_24' title="bbox 94 1812 727 1882; baseline 0.003 -18"><span class='ocrx_word' id='word_1_145' title='bbox 94 1813 155 1865; x_wconf 85' lang='lat' dir='ltr'><strong>Non</strong></span> <span class='ocrx_word' id='word_1_146' title='bbox 164 1812 221 1864; x_wconf 88' lang='lat' dir='ltr'><strong>tela</strong></span> <span class='ocrx_word' id='word_1_147' title='bbox 229 1813 336 1866; x_wconf 86' lang='lat' dir='ltr'><strong>Paridis</strong></span> <span class='ocrx_word' id='word_1_148' title='bbox 347 1823 437 1880; x_wconf 80' lang='lat' dir='ltr'><strong>certa3</strong></span> <span class='ocrx_word' id='word_1_149' title='bbox 447 1832 502 1866; x_wconf 85' lang='lat' dir='ltr'><strong>non</strong></span> <span class='ocrx_word' id='word_1_150' title='bbox 512 1815 642 1868; x_wconf 84' lang='lat' dir='ltr'><strong>Memnon</strong></span> <span class='ocrx_word' id='word_1_151' title='bbox 654 1815 727 1882; x_wconf 75' lang='lat' dir='ltr'><strong>niger</strong></span> 
     </span>
    </p>

    <p class='ocr_par' dir='ltr' id='par_1_21' title="bbox 94 1881 773 2022">
     <span class='ocr_line' id='line_1_25' title="bbox 94 1881 773 1952; baseline -0.001 -17"><span class='ocrx_word' id='word_1_152' title='bbox 94 1883 157 1935; x_wconf 90' lang='lat' dir='ltr'><strong>Non</strong></span> <span class='ocrx_word' id='word_1_153' title='bbox 166 1881 293 1936; x_wconf 84' lang='lat' dir='ltr'><strong>Xanthus</strong></span> <span class='ocrx_word' id='word_1_154' title='bbox 303 1885 386 1937; x_wconf 85' lang='lat' dir='ltr'><strong>armis</strong></span> <span class='ocrx_word' id='word_1_155' title='bbox 396 1899 515 1951; x_wconf 85' lang='lat' dir='ltr'><strong>corpora</strong></span> <span class='ocrx_word' id='word_1_156' title='bbox 523 1884 655 1936; x_wconf 76' lang='lat' dir='ltr'><strong>immixtis</strong></span> <span class='ocrx_word' id='word_1_157' title='bbox 665 1898 773 1952; x_wconf 76' lang='lat' dir='ltr'><strong>gerens,</strong></span> 
     </span>
     <span class='ocr_line' id='line_1_26' title="bbox 96 1950 737 2022; baseline 0.003 -18"><span class='ocrx_word' id='word_1_158' title='bbox 96 1953 260 2020; x_wconf 82' lang='lat' dir='ltr'><strong>Fluctusquc</strong></span> <span class='ocrx_word' id='word_1_159' title='bbox 270 1950 370 2007; x_wconf 80' lang='lat' dir='ltr'><strong>Simois</strong></span> <span class='ocrx_word' id='word_1_160' title='bbox 380 1953 464 2006; x_wconf 83' lang='lat' dir='ltr'><strong>caede</strong></span> <span class='ocrx_word' id='word_1_161' title='bbox 476 1969 629 2021; x_wconf 82' lang='lat' dir='ltr'><strong>purpureos</strong></span> <span class='ocrx_word' id='word_1_162' title='bbox 639 1968 737 2022; x_wconf 67' lang='lat' dir='ltr'><strong>egeam</strong></span> 
     </span>
    </p>

    <p class='ocr_par' dir='ltr' id='par_1_22' title="bbox 95 2021 678 2091">
     <span class='ocr_line' id='line_1_27' title="bbox 95 2021 678 2091; baseline 0.002 -18"><span class='ocrx_word' id='word_1_163' title='bbox 95 2021 157 2073; x_wconf 85' lang='lat' dir='ltr'><strong>Non</strong></span> <span class='ocrx_word' id='word_1_164' title='bbox 167 2022 247 2073; x_wconf 84' lang='lat' dir='ltr'><strong>nivea</strong></span> <span class='ocrx_word' id='word_1_165' title='bbox 256 2022 347 2089; x_wconf 85' lang='lat' dir='ltr'><strong>proles</strong></span> <span class='ocrx_word' id='word_1_166' title='bbox 358 2024 466 2091; x_wconf 83' lang='lat' dir='ltr'><strong>cycnus</strong></span> <span class='ocrx_word' id='word_1_167' title='bbox 478 2025 608 2091; x_wconf 85' lang='lat' dir='ltr'><strong>aequorei</strong></span> <span class='ocrx_word' id='word_1_168' title='bbox 619 2023 678 2087; x_wconf 84' lang='lat' dir='ltr'><strong>dei;</strong></span> 
     </span>
    </p>

    <p class='ocr_par' dir='ltr' id='par_1_23' title="bbox 96 2089 752 2160">
     <span class='ocr_line' id='line_1_28' title="bbox 96 2089 752 2160; baseline 0.005 -18"><span class='ocrx_word' id='word_1_169' title='bbox 96 2091 157 2142; x_wconf 84' lang='lat' dir='ltr'><strong>Non</strong></span> <span class='ocrx_word' id='word_1_170' title='bbox 167 2089 299 2144; x_wconf 84' lang='lat' dir='ltr'><strong>bellicoso</strong></span> <span class='ocrx_word' id='word_1_171' title='bbox 311 2090 433 2146; x_wconf 85' lang='lat' dir='ltr'><strong>Thressa</strong></span> <span class='ocrx_word' id='word_1_172' title='bbox 443 2108 505 2144; x_wconf 92' lang='lat' dir='ltr'><strong>cum</strong></span> <span class='ocrx_word' id='word_1_173' title='bbox 516 2091 609 2146; x_wconf 83' lang='lat' dir='ltr'><strong>Rheso</strong></span> <span class='ocrx_word' id='word_1_174' title='bbox 621 2089 752 2160; x_wconf 62' lang='lat' dir='ltr'><strong>pheison</strong></span> 
     </span>
    </p>

    <p class='ocr_par' dir='ltr' id='par_1_24' title="bbox 95 2159 692 2230">
     <span class='ocr_line' id='line_1_29' title="bbox 95 2159 692 2230; baseline 0.005 -19"><span class='ocrx_word' id='word_1_175' title='bbox 95 2160 157 2212; x_wconf 91' lang='lat' dir='ltr'><strong>Non</strong></span> <span class='ocrx_word' id='word_1_176' title='bbox 168 2160 243 2227; x_wconf 85' lang='lat' dir='ltr'><strong>picta</strong></span> <span class='ocrx_word' id='word_1_177' title='bbox 252 2159 396 2228; x_wconf 72' lang='lat' dir='ltr'><strong>pharetras</strong></span> <span class='ocrx_word' id='word_1_178' title='bbox 405 2168 434 2214; x_wconf 87' lang='lat' dir='ltr'><strong>et</strong></span> <span class='ocrx_word' id='word_1_179' title='bbox 444 2163 602 2230; x_wconf 78' lang='lat' dir='ltr'><strong>securigera</strong></span> <span class='ocrx_word' id='word_1_180' title='bbox 612 2177 692 2216; x_wconf 85' lang='lat' dir='ltr'><strong>mauu</strong></span> 
     </span>
    </p>

    <p class='ocr_par' dir='ltr' id='par_1_25' title="bbox 94 2229 761 2362">
     <span class='ocr_line' id='line_1_30' title="bbox 95 2229 761 2284; baseline 0.002 -3"><span class='ocrx_word' id='word_1_181' title='bbox 95 2230 207 2282; x_wconf 86' lang='lat' dir='ltr'><strong>Pcitata</strong></span> <span class='ocrx_word' id='word_1_182' title='bbox 215 2230 352 2282; x_wconf 77' lang='lat' dir='ltr'><strong>Amazoni</strong></span> <span class='ocrx_word' id='word_1_183' title='bbox 372 2229 444 2284; x_wconf 82' lang='lat' dir='ltr'><strong>hauc</strong></span> <span class='ocrx_word' id='word_1_184' title='bbox 454 2232 528 2284; x_wconf 88' lang='lat' dir='ltr'><strong>domi</strong></span> <span class='ocrx_word' id='word_1_185' title='bbox 539 2231 668 2284; x_wconf 86' lang='lat' dir='ltr'><strong>reducem</strong></span> <span class='ocrx_word' id='word_1_186' title='bbox 699 2247 761 2283; x_wconf 89' lang='lat' dir='ltr'><strong>aras</strong></span> 
     </span>
     <span class='ocr_line' id='line_1_31' title="bbox 94 2248 697 2362; baseline 0.007 -12"><span class='ocrx_word' id='word_1_187' title='bbox 94 2301 229 2362; x_wconf 72' lang='lat' dir='ltr'><strong>mactare,</strong></span> <span class='ocrx_word' id='word_1_188' title='bbox 240 2307 270 2351; x_wconf 85' lang='lat' dir='ltr'><strong>et</strong></span> <span class='ocrx_word' id='word_1_189' title='bbox 279 2315 341 2352; x_wconf 85' lang='lat' dir='ltr'><strong>arcs</strong></span> <span class='ocrx_word' id='word_1_190' title='bbox 352 2301 435 2354; x_wconf 86' lang='lat' dir='ltr'><strong>caede</strong></span> <span class='ocrx_word' id='word_1_191' title='bbox 445 2303 584 2354; x_wconf 81' lang='lat' dir='ltr'><strong>maculare</strong></span> <span class='ocrx_word' id='word_1_192' title='bbox 594 2303 630 2354; x_wconf 88' lang='lat' dir='ltr'><strong>im</strong></span> <span class='ocrx_word' id='word_1_193' title='bbox 650 2248 697 2354; x_wconf 76' lang='lat' dir='ltr'><strong>iai</strong></span> 
     </span>
    </p>

    <p class='ocr_par' dir='ltr' id='par_1_26' title="bbox 95 2317 718 2424">
     <span class='ocr_line' id='line_1_32' title="bbox 95 2317 718 2424; baseline -0.002 -4"><span class='ocrx_word' id='word_1_194' title='bbox 95 2370 185 2421; x_wconf 81' lang='lat' dir='ltr'><strong>Uitr-ix</strong></span> <span class='ocrx_word' id='word_1_195' title='bbox 194 2369 310 2421; x_wconf 91' lang='lat' dir='ltr'><strong>inultum</strong></span> <span class='ocrx_word' id='word_1_196' title='bbox 321 2369 439 2424; x_wconf 74' lang='lat' dir='ltr'><strong>Graecia</strong></span> <span class='ocrx_word' id='word_1_197' title='bbox 448 2368 503 2423; x_wconf 87' lang='lat' dir='ltr'><strong>hoc</strong></span> <span class='ocrx_word' id='word_1_198' title='bbox 513 2371 619 2424; x_wconf 77' lang='lat' dir='ltr'><strong>facinus</strong></span> <span class='ocrx_word' id='word_1_199' title='bbox 630 2317 718 2424; x_wconf 63' lang='lat' dir='ltr'><strong>ieret!</strong></span> 
     </span>
    </p>

    <p class='ocr_par' dir='ltr' id='par_1_27' title="bbox 96 2438 747 2577">
     <span class='ocr_line' id='line_1_33' title="bbox 96 2438 747 2508; baseline 0 -18"><span class='ocrx_word' id='word_1_200' title='bbox 96 2439 190 2507; x_wconf 82' lang='lat' dir='ltr'><strong>Equos</strong></span> <span class='ocrx_word' id='word_1_201' title='bbox 201 2444 230 2490; x_wconf 88' lang='lat' dir='ltr'><strong>et</strong></span> <span class='ocrx_word' id='word_1_202' title='bbox 240 2455 317 2491; x_wconf 72' lang='lat' dir='ltr'><strong>mma</strong></span> <span class='ocrx_word' id='word_1_203' title='bbox 327 2439 511 2508; x_wconf 69' lang='lat' dir='ltr'><strong>classffiusque</strong></span> <span class='ocrx_word' id='word_1_204' title='bbox 522 2438 638 2492; x_wconf 86' lang='lat' dir='ltr'><strong>horrens</strong></span> <span class='ocrx_word' id='word_1_205' title='bbox 649 2438 747 2492; x_wconf 75' lang='lat' dir='ltr'><strong>iremm</strong></span> 
     </span>
     <span class='ocr_line' id='line_1_34' title="bbox 96 2508 744 2577; baseline -0.003 -17"><span class='ocrx_word' id='word_1_206' title='bbox 96 2508 239 2576; x_wconf 85' lang='lat' dir='ltr'><strong>Propone,</strong></span> <span class='ocrx_word' id='word_1_207' title='bbox 251 2514 280 2560; x_wconf 90' lang='lat' dir='ltr'><strong>et</strong></span> <span class='ocrx_word' id='word_1_208' title='bbox 289 2509 345 2560; x_wconf 89' lang='lat' dir='ltr'><strong>aito</strong></span> <span class='ocrx_word' id='word_1_209' title='bbox 355 2511 486 2577; x_wconf 72' lang='lat' dir='ltr'><strong>sangnine</strong></span> <span class='ocrx_word' id='word_1_210' title='bbox 496 2509 636 2562; x_wconf 79' lang='lat' dir='ltr'><strong>exundans</strong></span> <span class='ocrx_word' id='word_1_211' title='bbox 647 2508 744 2570; x_wconf 78' lang='lat' dir='ltr'><strong>coium,</strong></span> 
     </span>
    </p>

    <p class='ocr_par' dir='ltr' id='par_1_28' title="bbox 96 2578 657 2646">
     <span class='ocr_line' id='line_1_35' title="bbox 96 2578 657 2646; baseline -0.004 -16"><span class='ocrx_word' id='word_1_212' title='bbox 96 2579 133 2630; x_wconf 83' lang='lat' dir='ltr'><strong>Et</strong></span> <span class='ocrx_word' id='word_1_213' title='bbox 143 2584 204 2630; x_wconf 83' lang='lat' dir='ltr'><strong>tota</strong></span> <span class='ocrx_word' id='word_1_214' title='bbox 216 2584 313 2646; x_wconf 83' lang='lat' dir='ltr'><strong>captae</strong></span> <span class='ocrx_word' id='word_1_215' title='bbox 323 2578 383 2630; x_wconf 84' lang='lat' dir='ltr'><strong>iata</strong></span> <span class='ocrx_word' id='word_1_216' title='bbox 392 2579 548 2632; x_wconf 81' lang='lat' dir='ltr'><strong>Dardaniae</strong></span> <span class='ocrx_word' id='word_1_217' title='bbox 559 2579 657 2630; x_wconf 90' lang='lat' dir='ltr'><strong>domus</strong></span> 
     </span>
    </p>

    <p class='ocr_par' dir='ltr' id='par_1_29' title="bbox 95 2647 770 2785">
     <span class='ocr_line' id='line_1_36' title="bbox 96 2647 770 2715; baseline -0.001 -17"><span class='ocrx_word' id='word_1_218' title='bbox 96 2649 217 2715; x_wconf 82' lang='lat' dir='ltr'><strong>Regcsta</strong></span> <span class='ocrx_word' id='word_1_219' title='bbox 228 2647 345 2700; x_wconf 83' lang='lat' dir='ltr'><strong>Danais!</strong></span> <span class='ocrx_word' id='word_1_220' title='bbox 368 2649 521 2714; x_wconf 83' lang='lat' dir='ltr'><strong>Comprime</strong></span> <span class='ocrx_word' id='word_1_221' title='bbox 532 2649 658 2702; x_wconf 83' lang='lat' dir='ltr'><strong>adfectus</strong></span> <span class='ocrx_word' id='word_1_222' title='bbox 670 2655 770 2708; x_wconf 85' lang='lat' dir='ltr'><strong>truces,</strong></span> 
     </span>
     <span class='ocr_line' id='line_1_37' title="bbox 95 2717 687 2785; baseline -0.003 -17"><span class='ocrx_word' id='word_1_223' title='bbox 95 2717 274 2785; x_wconf 77' lang='lat' dir='ltr'><strong>Montemque</strong></span> <span class='ocrx_word' id='word_1_224' title='bbox 284 2717 392 2768; x_wconf 88' lang='lat' dir='ltr'><strong>tibimet</strong></span> <span class='ocrx_word' id='word_1_225' title='bbox 401 2719 461 2783; x_wconf 89' lang='lat' dir='ltr'><strong>ipsa</strong></span> <span class='ocrx_word' id='word_1_226' title='bbox 472 2719 589 2784; x_wconf 83' lang='lat' dir='ltr'><strong>pacitica</strong></span> <span class='ocrx_word' id='word_1_227' title='bbox 599 2717 687 2768; x_wconf 80' lang='lat' dir='ltr'><strong>tuanii</strong></span> 
     </span>
    </p>
   </div>
   <div class='ocr_carea' id='block_1_3' title="bbox 0 0 1092 3125">
    <p class='ocr_par' dir='ltr' id='par_1_30' title="bbox 0 0 1092 3125">
     <span class='ocr_line' id='line_1_38' title="bbox 0 0 1092 3125; baseline 0 0"><span class='ocrx_word' id='word_1_228' title='bbox 0 0 1092 3125; x_wconf 95' lang='lat' dir='ltr'><strong> </strong></span> 
     </span>
    </p>
   </div>
  </div>
 </body>
</html>
