2150 3125
253 206 533 259 AGAMEMNON.
570 208 657 259 Aer.
677 210 710 261 ll.
845 210 896 263 265

96 312 194 365 Veniet
203 318 348 377 tyrannus:
360 327 492 378 prospera
502 314 606 363 animoa
618 312 740 364 efferunt.

95 380 191 433 Effusa
202 383 274 433 circe
286 382 410 447 pellicum
421 388 522 450 quanto
532 385 607 435 venit

94 452 190 502 'l'urba
201 449 346 519 adparatul
366 451 485 503 coinred
496 451 576 503 turba
587 454 696 515 eminet,

95 522 240 589 Tenetque
250 536 342 588 regem
353 520 455 572 famula
464 522 575 573 veridici
585 521 637 573 dei.
848 524 897 573 255

94 591 216 642 Feresne
226 588 336 641 thalami
349 591 422 641 victe
432 597 588 642 consortem
597 591 653 642 tuit

73 670 76 673 ’
96 663 131 711 At
141 660 188 711 illa
199 660 281 711 nolet.
317 659 445 711 Ultimum
456 667 499 713 est
510 668 611 727 nuptae
621 661 720 713 mulum

96 730 191 781 Palam
202 730 303 780 merita
313 730 455 796 possidens
466 730 554 798 pellex
566 730 683 781 domum.

95 799 155 850 Nec
166 815 251 867 regna
261 801 365 850 socium
375 797 448 850 ferre
459 816 509 851 nec
520 800 618 851 taedae
629 802 726 853 sciunt.

99 883 197 921 curu.
208 867 349 936 Aegisthe,
362 869 427 936 quid
437 886 480 920 me
492 871 615 920 rursuain
624 878 826 943 praecepsegio,
849 878 898 928 26ss

95 940 221 1005 iramque
231 937 346 988 ilammia
356 940 411 988 iam
421 939 583 990 recidentem
594 939 708 991 incitant

96 1008 224 1060 Permisit
234 1008 333 1075 aliquid
344 1009 433 1058 victor
443 1011 470 1058 in
480 1015 575 1074 captae
586 1008 653 1059 sibil

95 1077 159 1129 Non
170 1078 310 1145 coniugem
322 1075 375 1128 hoc
386 1080 535 1144 respicere,
548 1094 600 1128 nou
613 1079 749 1131 dominam
760 1083 847 1134 decet.

96 1149 158 1198 Lex
169 1148 222 1198 alia
232 1148 300 1199 solio
311 1153 366 1210 eat,
379 1147 432 1198 alia
442 1150 548 1213 privato
559 1151 585 1197 in
596 1153 666 1200 toro.

96 1218 182 1281 Quid,
194 1217 266 1284 quod
276 1232 386 1268 severas
396 1215 468 1268 ferre
480 1233 523 1268 me
533 1217 607 1286 leges
618 1221 676 1270 viro
848 1224 898 1274 265

97 1288 159 1339 Non
171 1290 273 1354 patitur
283 1288 400 1350 animus,
413 1288 499 1352 turpis
510 1288 619 1339 admissi
630 1289 750 1341 memori

97 1359 153 1408 Det
162 1357 206 1408 ille
217 1358 322 1407 veniam
335 1354 429 1419 facile,
442 1358 484 1407 cui
495 1358 575 1407 venia
587 1354 716 1426 est'opua.

99 1441 139 1477 nu
147 1439 262 1477 crsrrr.
275 1427 316 1477 lta
327 1424 385 1477 esti
405 1428 505 1492 paciaci
517 1433 639 1478 mutuam
650 1430 756 1481 veniam
767 1429 847 1480 liceti

97 1498 196 1564 lgnote
205 1497 254 1546 tibi
265 1501 328 1546 suut
338 1496 398 1546 iura
408 1511 554 1564 regnorum
565 1495 638 1549 haud
647 1514 726 1551 nove.

96 1566 515 1636 Nobiomaligniiudiees‚aequi
525 1569 584 1630 cibi,
849 1571 899 1621 270

95 1637 127 1687 ld
139 1653 199 1688 esse
210 1637 287 1704 regni
299 1637 445 1686 maximum
458 1639 555 1705 pignus
565 1643 671 1705 putant,

96 1706 124 1757 Si
138 1707 265 1774 quidquid
279 1705 338 1756 aliis
349 1706 491 1769 nonlicet,
502 1707 567 1759 solis
577 1708 649 1758 licet.

97 1790 195 1828 eurr.
208 1778 315 1844 Ignovit
328 1776 463 1827 Helenae:
474 1778 567 1829 iuncta
577 1777 703 1828 Menelao
714 1777 794 1841 redit,

95 1850 173 1909 Quae
183 1847 322 1912 Europam
334 1850 363 1898 et
371 1847 462 1897 Aulam
473 1847 582 1913 paribus
594 1845 698 1898 adflixit
708 1847 794 1898 malis.

95 1930 262 1967 nucrsru.
280 1914 333 1966 Sed
346 1916 418 1966 nulla
428 1916 537 1968 Atriden
549 1931 648 1969 venere
660 1915 761 1967 firrtiva
777 1918 836 1968 aba·

650 1985 724 2049 taut,
845 1987 896 2037 πει

94 2055 153 2107 Nec
164 2057 237 2123 cepit
248 2056 366 2105 animum
378 2055 484 2122 coniugi
498 2056 659 2106 obstrictum
669 2070 742 2108 suae.

93 2127 152 2177 lam
163 2127 264 2176 crimen
276 2124 319 2176 ille
333 2125 452 2192 quaerit,
463 2131 493 2176 et
502 2141 599 2177 causas
611 2130 691 2191 parat

93 2195 137 2247 Nil
149 2211 209 2246 ecce
220 2194 302 2246 crede
312 2201 392 2261 turpe
404 2196 575 2247 commiscum
587 2194 649 2246 tibi:

95 2266 166 2326 Quid
178 2262 294 2316 honeste
304 2265 417 2330 prodest
427 2265 496 2327 vita,
507 2263 611 2332 flagitio
621 2279 731 2326 vacans,

93 2335 146 2386 Ubi
156 2336 282 2385 dominus
293 2333 366 2385 oditl
386 2334 432 2386 Fit
441 2350 558 2396 nocens;
568 2349 623 2385 non
634 2334 774 2400 quaeritur
845 2335 895 2384 280

94 2404 257 2472 Spartamne
269 2410 378 2470 repetes
388 2410 481 2471 spreta
491 2411 520 2456 et
529 2405 652 2455 Eurotan
665 2408 739 2452 tuum

92 2476 254 2543 Petriasque
265 2475 344 2525 aedes
355 2472 489 2543 profuga!
510 2473 573 2525 Non
583 2473 650 2524 dant
659 2473 761 2523 exitum

92 2545 215 2611 Repudia
226 2559 329 2611 regum.
365 2541 419 2610 Spe
430 2548 531 2594 metum
543 2542 613 2594 falsa
622 2541 704 2592 leves.

94 2628 192 2665 curu.
209 2613 318 2665 Delicta
328 2614 403 2665 novit
413 2628 493 2666 nemo
504 2614 555 2664 nisi
566 2612 636 2663 lidus
647 2627 716 2662 mea.

91 2697 258 2737 euersuri.
273 2681 828 2751 Nonintratunquamregimnlimenlldes.
845 2683 894 2732 285

93 2768 190 2806 eurr.
204 2754 308 2820 Opibus
319 2754 457 2817 merebor,
470 2761 500 2804 ut
511 2753 592 2804 fidem
604 2754 691 2819 pretio
704 2751 828 2818 obligem.
