2150 3125
257 225 449 278 ocTAvln.
484 229 563 278 ACT.
575 230 608 278 ΙΙ.

30 332 90 393 Qui
103 330 127 379 si
137 329 268 392 senescit,
279 335 371 380 tsnms
381 331 408 379 in
419 345 531 382 coecum
543 329 626 382 chaos
732 337 736 346 '

31 404 159 452 Casurus
167 399 281 449 iterum:
293 414 364 449 nune
375 399 454 450 adest
463 401 564 451 mundo
576 401 634 452 dies

30 470 187 536 Supremus
196 467 255 530 ille,
267 469 312 535 qui
323 474 430 535 premat
439 485 525 537 genus
536 472 647 536 impium

31 537 116 592 Coeli
126 538 217 588 ruina:
228 552 321 588 rursus
332 544 362 588 ut
372 539 483 606 stirpem
494 555 591 590 novam

31 609 161 662 Generet
170 621 317 658 renascens
329 607 437 669 melium
449 614 480 658 ut
490 609 627 677 quondam
638 613 699 662 tulit

29 677 159 737 iuvenis,
171 681 282 728 tenente
291 691 377 744 regua
386 675 503 729 Saturno
515 679 578 746 poli.

30 749 119 799 Tune
128 745 176 796 ille
184 746 275 814 virgo,
287 747 401 797 nominis
412 749 503 815 magni
514 748 576 810 dea,

29 816 160 877 iustitie,
172 815 250 866 coelo
260 816 344 866 misso
354 831 415 866 eum
425 822 521 868 sencts
530 818 599 869 Fide

31 885 149 946 Terris,
161 885 275 953 regebat
285 885 359 936 mitis
370 883 517 936 humanum
527 903 621 954 genus.

30 957 103 1010 Non
112 953 183 1005 belin
193 960 305 1016 norunt,
316 970 370 1006 non
381 955 465 1006 tubae
476 954 600 1008 fremitus
611 966 712 1022 truces,

31 1027 103 1078 Non
114 1039 190 1074 omns
198 1029 307 1092 gentes3
319 1025 427 1092 cingere
439 1033 581 1076 assuerant
592 1043 655 1080 sues

30 1094 128 1148 Muris
139 1109 189 1144 nee
200 1093 291 1145 urbes.
309 1093 436 1145 Persium
449 1097 554 1145 eunctis
565 1097 626 1159 iter,

33 1163 197 1217 Communis
207 1178 271 1213 usus
283 1165 402 1214 omniurn
413 1178 504 1214 rerum
515 1162 582 1229 iuit3

34 1236 75 1286 Et
85 1233 149 1297 ipss
159 1232 237 1282 tellus
249 1231 323 1282 loeta
332 1231 484 1284 foecundos
496 1235 571 1285 sinus

31 1300 280 1362 pendebamus,
291 1308 347 1352 tem
359 1303 409 1369 piis
419 1299 485 1352 felix
495 1317 594 1369 parens

32 1377 75 1426 Et
87 1377 150 1421 tute
160 1370 281 1421 alumnis.
300 1371 359 1422 dlis
369 1371 417 1422 sed
427 1371 535 1423 soboles
546 1374 634 1425 ninus

35 1445 198 1506 Conspecta
207 1441 288 1490 mitis.
307 1441 431 1491 'rentium
442 1442 538 1492 soliers
548 1457 635 1512 genus

33 1511 137 1565 Novas
148 1509 182 1560 sd
193 1515 267 1560 ortes
278 1511 382 1574 extitit,
395 1519 518 1563 sonetum
529 1517 636 1578 tamem

34 1584 109 1634 Mox
121 1581 285 1647 inquietum,
297 1581 454 1649 quodnequi
467 1597 548 1633 eursu
559 1581 634 1635 ieros

33 1650 162 1703 Auderet
170 1664 262 1711 srees3
273 1647 400 1701 fluetibus
410 1656 500 1701 tectos
509 1666 608 1721 graves

34 1715 193 1771 Extrnhere
205 1721 294 1785 pisces
304 1726 377 1784 rete;
389 1720 431 1771 rel
442 1719 548 1772 culeum
560 1722 612 1773 levi

35 1790 177 1853 Decipere
188 1787 325 1853 volueres3
337 1804 460 1855 premere
472 1790 610 1842 subiectos
620 1793 685 1861 iugo

35 1862 153 1909 Tauros
162 1856 284 1923 ferocem
295 1873 405 1910 vomere
413 1859 561 1911 immunem
572 1863 647 1926 prius

35 1927 155 1979 Suleare
167 1932 281 1989 terrum,
291 1927 367 1980 laeso
377 1942 446 1996 quae
457 1926 551 1997 fruges
561 1945 625 1982 suns

33 1998 159 2048 interius
170 1995 224 2047 ulte
236 1997 358 2048 condidit
368 2012 447 2048 sauro
458 1999 527 2049 sinu.

36 2066 96 2117 Sed
107 2066 136 2116 in
146 2067 266 2131 parentis
276 2068 383 2118 viscere
392 2067 503 2117 intrarit
513 2083 580 2119 sues

36 2135 173 2187 Deterior
183 2142 274 2187 aetssr
284 2138 356 2187 eruit
365 2135 467 2187 ferrum
476 2152 560 2203 greve

34 2208 211 2271 Aurumque3
223 2219 318 2256 ssevss
330 2221 394 2257 mox
407 2214 435 2255 et
444 2208 560 2257 mevit
571 2223 680 2273 menum

35 2275 149 2325 Partito
160 2273 230 2325 fines
241 2289 328 2339 rogus
338 2276 492 2337 constituit,
504 2290 590 2328 novas

34 2342 172 2395 Extruxit
182 2342 277 2407 urbes3
287 2350 363 2396 tecte
374 2344 496 2396 defendit
505 2348 562 2396 suis

34 2413 135 2465 Aliena
145 2412 222 2475 telis,
235 2419 282 2463 eut
312 2416 363 2465 etit
371 2414 490 2480 prsedse
500 2416 651 2467 imminens.

36 2481 174 2549 Negleeta
185 2488 273 2533 terres
296 2486 355 2552 ugit
366 2491 393 2535 et
404 2499 493 2536 mores
505 2484 580 2536 ieros

35 2552 204 2612 Hominum,
217 2557 246 2603 et
256 2560 369 2605 eruenta
380 2553 464 2605 enode
477 2554 594 2620 pollutas
606 2569 710 2619 munus,
793 2560 845 2611 425

35 2624 158 2672 Astraea
166 2620 257 2689 virgo,
269 2623 387 2675 siderum
396 2638 523 2690 magnum
534 2624 626 2675 decus.

38 2690 149 2756 Cupido
158 2689 222 2741 belli
234 2694 319 2744 crevit
331 2701 412 2760 etque
424 2694 480 2743 suri
492 2691 587 2745 fames.

37 2762 146 2811 Totum
157 2774 208 2827 per
222 2760 315 2814 orbem
330 2765 476 2814 maximum
487 2770 612 2815 exortum
623 2774 665 2818 est
675 2768 783 2831 mnium,
