2150 3125
302 257 506 311 l'ROADES.
543 262 630 311 nc'l'.
649 262 695 313 lV.
846 262 895 312 213

96 364 178 414 Annis
189 362 283 412 decem
295 362 410 428 captiva.
447 361 617 415 Prostratum
629 365 706 417 llinm
718 373 769 431 est,
844 368 895 419 915

96 433 177 484 Versi
186 437 307 498 penates.
343 429 462 481 Perdere
472 442 515 485 est
524 436 640 501 patriam
651 452 734 505 grava

98 502 215 553 Grarlus
224 502 330 553 timere.
367 499 425 552 Vos
435 501 509 554 levat
519 506 586 555 tanti
597 505 660 556 mali

97 573 262 634 comitatum
273 572 301 621 in
310 585 354 621 me
364 571 451 621 victus
461 580 490 623 et
499 575 587 624 victor
597 573 671 625 furit.

97 644 184 703 Quam
195 642 308 709 quisque
319 638 447 690 famulam
459 641 593 705 traheret,
605 645 709 695 incerto
721 645 766 695 diu

98 713 169 762 Casu
178 710 377 778 pependit3me
387 724 464 762 meus
474 714 558 763 traxit
568 715 660 764 statim
846 713 896 764 ⁹2⁰

97 781 161 832 Sine
172 787 246 832 sorte
258 780 390 830 dominus.
428 781 517 832 causa
526 782 660 833 bellorum
670 783 718 846 lui,

97 853 258 918 'l'antaeque
269 851 385 902 Teucris
396 848 489 902 cladis.
525 852 588 903 lloc
599 868 691 903 rerum
703 860 777 921 puta,

97 918 233 987 Spartana
242 922 341 986 puppis
352 926 443 970 vestre
454 922 477 971 si
487 921 575 971 secuit
585 920 663 972 freta.

96 990 143 1041 Sin
155 995 235 1056 rapta
245 988 372 1057 Phrygiis
384 990 485 1055 praeda
496 990 643 1059 remigibus
653 990 702 1053 lui,

96 1058 234 1126 Deditque
244 1058 344 1109 donum
356 1059 438 1110 iudici
451 1061 547 1110 victrix
559 1060 622 1111 dea:
846 1058 896 1109 ⁹25

97 1132 212 1197 ignosce
224 1127 323 1178 Paridi
360 1128 479 1181 iudicem
489 1131 589 1181 iratum
601 1145 662 1181 mea

97 1199 234 1250 Habitura
245 1204 391 1249 causaest:
402 1200 456 1249 ista
465 1200 619 1250 Menelaum
630 1206 739 1249 manent

98 1269 223 1319 arbitria.
258 1266 338 1320 Nunc
349 1266 419 1319 hanc
431 1268 547 1320 luctibus
558 1269 668 1336 paulum
679 1269 742 1331 tuis,

98 1335 300 1399 Andromacha,
312 1339 418 1388 omissis
429 1337 523 1390 flecte:
534 1340 578 1389 vix
590 1339 716 1389 lacrimas
729 1350 799 1403 queo

98 1409 234 1459 Retinere.
251 1420 317 1457 ann
326 1422 352 1458 a.
367 1408 504 1469 Quantum
517 1409 680 1472 est‚llelena
693 1407 765 1475 quod
774 1407 851 1456 lacri-

530 1484 601 1541 mat,
614 1476 725 1528 maluml
847 1474 897 1525 930

29 1589 36 1608 ,
99 1549 153 1598 Cur
163 1545 288 1598 lacrimat
298 1542 406 1597 antemi
427 1546 513 1612 Fare,
525 1565 592 1616 quos
603 1545 713 1599 ithacus
724 1546 810 1608 dolos,

100 1620 178 1679 Quae
189 1617 294 1667 scelera
304 1614 409 1666 nectat!
434 1618 528 1668 Utrum
541 1619 574 1669 ab
587 1619 675 1669 Idaeis
685 1619 754 1685 iugis

100 1686 229 1738 lactanda
239 1688 315 1753 virgo
328 1692 382 1747 est,
394 1687 464 1736 arcis
475 1703 510 1737 an
521 1689 610 1741 celsae
622 1687 695 1738 edito

98 1756 234 1807 Mittenda
245 1753 329 1806 saxol
349 1771 411 1806 num
423 1771 472 1821 per
482 1755 532 1808 has
543 1763 650 1808 vastum
661 1759 689 1807 in
701 1772 775 1809 mare

99 1826 241 1878 Volrenda
252 1826 446 1892 rupes‚latere
458 1843 525 1894 quas
536 1828 622 1879 scisso
632 1827 706 1878 levat
848 1825 898 1876 935

98 1896 187 1947 Altum
198 1895 300 1946 vadoso
312 1894 413 1964 Sigeon
424 1904 552 1962 spectans
564 1896 640 1949 sinui

98 1967 164 2028 Dic,
175 1963 247 2028 lare,
260 1965 388 2033 quidquid
398 1965 512 2019 subdolo
523 1967 599 2019 vultu
612 1968 690 2034 tegis,

98 2036 218 2087 Leviora
228 2035 300 2085 mala
310 2043 373 2086 sunt
384 2041 496 2100 cuncta,
509 2053 589 2105 quam
600 2038 700 2087 Priami
714 2049 797 2102 gener

98 2105 283 2171 Hecubaeque
295 2104 425 2172 Pyrrhus.
444 2107 526 2172 Fare,
537 2123 618 2176 quam
629 2121 744 2172 poenam
757 2119 844 2171 pares,

98 2177 250 2241 Exprome‚
262 2181 291 2226 et
301 2190 382 2225 unum
392 2174 446 2226 hoc
458 2178 536 2230 derne
548 2179 649 2228 nostris
662 2174 791 2236 cladibus,
849 2175 899 2223 94⁰

97 2245 174 2295 Falli.
210 2245 326 2295 Paratae
336 2247 442 2312 perpeti
453 2255 569 2299 mortem
580 2247 663 2298 vides.

99 2327 177 2364 arn.
188 2315 296 2365 Utinam
305 2315 412 2366 iuberet
422 2332 464 2367 me
476 2333 584 2384 quoque
594 2318 728 2381 interpres
741 2313 819 2364 deum

99 2384 265 2502 Abrumpere
275 2400 338 2435 ense
348 2385 417 2436 lucis
425 2387 528 2438 invisae
538 2401 639 2448 moras,

16 2453 19 2456 ’
100 2453 151 2504 Vel
162 2454 199 2503 Ac
218 2454 268 2504 illis
280 2460 342 2505 ante
354 2455 436 2507 busta
446 2455 593 2508 furibunda
603 2470 684 2506 manu

101 2523 234 2573 Occidere
245 2521 357 2589 Pyrrhi,
369 2523 428 2577 fata
439 2529 614 2578 comitantem
627 2531 683 2587 tua,
850 2523 899 2572 945

100 2591 241 2659 Polyxene
252 2594 413 2658 miseranda,
425 2613 505 2664 quam
517 2596 589 2647 tradi
600 2595 660 2659 sibi,

101 2664 276 2730 cineremque
288 2662 403 2716 Achilles
415 2673 477 2717 ante
489 2666 604 2716 nractari
614 2681 701 2727 suum,

98 2730 200 2800 Campo
213 2735 326 2784 maritus
337 2741 368 2784 ut
379 2736 415 2785 sit
425 2736 532 2801 Elysio,
543 2733 630 2785 iubet!

99 2818 138 2853 ru
146 2802 280 2866 nmvide,
286 2811 316 2854 ut
326 2805 431 2857 ammas
441 2807 536 2873 ingens
547 2805 635 2856 laetus
647 2803 763 2856 audierit
769 2814 868 2851 necem.
