2150 3125
204 258 254 306 2¹12
386 254 419 304 is.
455 252 610 303 ANNAEi
632 251 820 304 SENECAE

265 360 334 421 Quid
347 358 457 425 rapidus
467 371 518 407 ora
527 357 614 407 corus
624 355 735 407 Oceano
748 354 893 409 exserens!

261 429 392 479 Mundum
405 425 497 478 revelli
508 425 617 479 sedibus
627 431 716 476 totum
727 426 791 488 suis,

261 500 392 565 Ipsosque
402 502 483 563 rupto
495 495 620 547 crederes
632 495 709 547 coeio
721 496 788 546 deos

201 570 251 619 485
262 568 397 619 Decidere
403 604 412 630 ‚
423 571 452 617 et
462 571 550 616 atrum
562 564 643 616 rebus
653 565 743 616 induci
756 562 848 619 chaos.

261 638 351 691 Vento
362 637 465 688 resistit
475 640 567 686 aestus
573 672 581 697 ,
591 640 619 687 et
630 641 726 685 ventus
737 640 811 686 retro

231 722 235 727 ·
261 709 371 759 Aestum
382 705 506 758 revolvit„
542 702 604 755 Non
616 706 689 771 capit
700 719 760 755 sese
770 720 855 768 mare,

263 777 408 843 Uudasque
418 777 534 825 miscent
542 772 631 825 imber
641 779 670 825 et
680 773 778 825 fluctus
789 790 852 826 suas

263 847 320 897 Nec
330 845 384 896 hoc
394 844 517 896 levamen
529 843 645 910 denique
656 846 790 895 aerumnis
801 845 891 908 datur,

202 919 254 968 400
265 916 366 968 Videre
377 915 472 967 saitem
482 920 510 965 et
520 927 614 974 nosse,
625 929 678 980 quo
689 920 803 981 pereant
813 914 899 966 malo:

263 987 394 1037 Premunt
403 983 533 1036 tenebrae
544 982 658 1046 lumina,
674 991 703 1034 et
714 983 788 1035 dirae
800 983 893 1053 Stygis

264 1055 372 1107 inferna
383 1067 437 1104 nox
447 1059 498 1105 est.
528 1052 666 1103 Excidunt
675 1054 752 1120 ignes
763 1060 865 1117 tamen,

265 1127 300 1176 Et
310 1124 380 1175 nube
392 1124 478 1174 dirum
489 1121 590 1173 fulmen
602 1121 668 1173 elisa
678 1124 773 1184 micat3

264 1196 425 1262 Miserisque
435 1193 503 1244 lucis
513 1196 592 1243 tanta
602 1191 717 1244 dulcedo
729 1198 783 1243 ests
794 1193 864 1245 maie

203 1267 254 1319 405
268 1266 329 1315 Hoc
338 1264 427 1315 iumen
440 1266 544 1330 optant.
572 1262 636 1328 lpse
647 1277 676 1313 ee
687 1260 780 1314 classis
791 1265 897 1329 premit,

265 1336 300 1385 Et
311 1349 394 1401 prora
402 1348 501 1400 prorae
512 1332 618 1393 nocuit,
630 1336 658 1383 et
668 1330 748 1382 lateri
756 1331 836 1384 latus.

264 1404 340 1454 illam
351 1400 493 1454 dehiscens
503 1407 603 1468 pontus
612 1402 640 1451 in
651 1415 783 1469 praeceps
793 1404 865 1469 rapit

265 1474 432 1540 Hauritque,
444 1477 472 1522 et
484 1470 539 1522 aito
551 1470 685 1521 redditam
697 1474 812 1522 revomit
823 1474 905 1537 mari;

265 1544 344 1596 Haec
355 1557 437 1594 onere
448 1542 525 1605 sidit3
534 1541 582 1592 illa
593 1541 750 1592 convulsum
762 1540 833 1594 latus

206 1616 256 1664 500
268 1612 408 1664 Submittit
419 1613 510 1673 undis3
522 1610 620 1662 fluctus
631 1609 701 1662 hanc
712 1611 833 1663 decimus
843 1614 926 1680 tegit3

265 1684 343 1734 Haec
352 1683 445 1733 lacera
455 1687 485 1732 ct
495 1683 567 1732 omni
579 1681 678 1732 decore
690 1681 820 1748 populato
831 1683 897 1735 levis

264 1752 378 1816 Fluitet3
389 1767 440 1804 nec
451 1751 489 1802 ilii
499 1751 572 1811 vcia,
588 1765 638 1801 nec
648 1756 745 1801 tonsae
756 1758 874 1815 manent,

263 1822 320 1873 Nec
331 1828 423 1873 rectus
436 1819 504 1872 altas
514 1820 601 1871 malus
610 1826 740 1871 antennas
751 1820 851 1883 ferens,

262 1891 315 1943 Sed
327 1897 425 1943 trunca
434 1897 495 1943 toto
506 1891 604 1958 puppis
616 1890 692 1940 ionio
703 1895 788 1942 natat.

202 1962 252 2011 505
265 1961 308 2012 Nil
319 1962 390 2013 ratio
402 1966 431 2013 et
440 1977 505 2012 usus
517 1961 613 2012 audet:
625 1975 669 2010 ars
681 1961 764 2012 cessit
772 1960 858 2012 malis.

260 2032 349 2082 Tenet
360 2029 459 2082 horror
470 2035 559 2092 artus3
572 2032 658 2080 omnis
671 2030 762 2081 officio
774 2037 866 2099 stupet

261 2101 360 2152 Navita
370 2101 480 2164 reiict03
492 2114 583 2152 remus
594 2098 689 2167 effugit
700 2115 803 2153 manus.

260 2173 290 2222 in
301 2177 367 2222 vota
376 2171 490 2222 miseros
501 2169 611 2221 ultimus
622 2170 697 2237 cogit
707 2171 799 2234 timor,

261 2241 418 2308 Eademque
429 2237 550 2307 Superos
562 2241 650 2289 Troes
661 2244 690 2290 et
700 2239 788 2292 Danai
799 2247 905 2308 rogant.

201 2313 251 2361 510
264 2311 334 2372 Quid
346 2309 405 2361 iata
414 2307 541 2377 possunt!
562 2308 665 2359 invidet
675 2307 798 2375 Pyrrhus
810 2310 890 2377 petri,

261 2381 336 2431 Aiaci
345 2380 471 2446 Ulysses,
481 2379 597 2430 Hectori
608 2379 714 2430 Atrides
725 2380 821 2442 minor,

262 2452 425 2517 Agamemno
437 2450 556 2500 Priamo.
585 2449 713 2516 Quisquis
726 2449 760 2499 ad
772 2450 883 2500 Troiam
894 2451 976 2514 iacet,

263 2520 339 2570 Felix
349 2526 477 2582 vocatur,
489 2519 588 2571 cadere
600 2518 644 2585 qui
656 2521 756 2569 meruit
765 2520 861 2587 gradu,

264 2588 351 2648 Quem
362 2588 436 2639 iama
446 2595 552 2651 serrat,
562 2589 635 2638 victa
646 2603 724 2655 quem
736 2588 816 2639 tellus
827 2591 903 2657 tegit.

203 2657 253 2705 515
266 2656 329 2717 „Nil
339 2656 428 2709 nobile
439 2674 520 2708 ausos
530 2664 631 2724 pontus
642 2664 723 2725 atque
736 2657 824 2711 undae
835 2659 941 2710 ferenti

263 2727 365 2791 Ignara
375 2725 461 2778 fortes
472 2726 530 2777 iata
541 2733 701 2778 consument
710 2726 801 2779 virosi

264 2794 409 2845 Perdenda
420 2811 493 2846 mors
505 2795 563 2846 estt
586 2797 714 2863 Quisquis
726 2814 754 2848 es
765 2797 882 2852 nondum
896 2799 973 2850 maiis
