2150 3125
250 225 535 280 lllPPOLYTUS.
572 228 659 279 ΑΟΤ.
680 230 713 281 ΙΙ.
823 234 874 286 122

386 417 569 464 OHORUS·

129 515 241 559 Praestat
247 515 346 566 choras.
356 517 440 560 uttan
449 516 750 578 cedatllippolpteform,
761 537 818 579 quae
823 525 873 579 ple·

72 573 147 630 risque
150 571 206 629 fuit
215 571 294 616 exitio.
326 571 508 617 Themirsdr'tsen
519 575 641 630 prospicit.

73 665 159 734 Fugit
167 666 279 716 insanae
290 663 384 716 similis
394 665 538 731 procellae,

75 736 161 787 Ocior
171 735 256 787 nubes
267 734 434 800 glomerante
446 736 527 798 coro,

76 805 162 856 Ocior
172 819 280 855 cursum
291 805 412 870 rapiente
421 803 539 868 flamma,

77 873 163 926 Stella
174 889 234 924 cum
244 875 331 926 ventis
342 874 446 942 agitata
456 875 553 943 longos

75 944 292 1012 Porrigitignes.

76 1011 208 1065 Conferat
217 1019 308 1065 tecum
319 1013 403 1064 decus
414 1027 493 1065 omne
504 1015 623 1082 priscum

75 1083 176 1144 Fama,
185 1083 310 1134 miratrix
318 1082 432 1134 senioris
443 1085 510 1135 aeri.

76 1153 203 1204 Pulcn'or
212 1157 289 1204 tanto
301 1157 348 1203 tua
359 1151 448 1204 formo
459 1153 541 1216 lucet,
713 1157 756 1201 τ’

77 1222 185 1274 Glorior
196 1229 297 1289 quanto
307 1222 390 1273 micat
400 1223 466 1273 orbe
478 1222 567 1289 pleno,
627 1190 654 1260 s
697 1247 737 1258 -·

76 1293 146 1345 Cum
158 1306 220 1342 suos
231 1292 308 1360 ignea
320 1297 436 1343 coeunte
448 1308 532 1343 cornu

77 1362 182 1423 lunxit,
195 1366 224 1410 et
234 1377 313 1413 curru
324 1368 488 1429 properante
499 1377 603 1428 pernox

75 1431 173 1483 Exerit
184 1430 286 1495 vultus,
297 1431 446 1482 rubicunda
455 1429 576 1495 Phoebe,

75 1499 136 1552 Nec
147 1505 241 1552 tenent
251 1500 344 1552 stellae
354 1499 452 1552 faciem
464 1501 597 1568 minores;
758 1499 763 1532 ¹
793 1537 824 1553 ι.
929 1500 936 1514 ’

77 1570 605 1637 Qualisestprimasreferenstenebras
689 1590 719 1630 n,
758 1560 761 1570 '
829 1582 860 1635 T
896 1566 900 1576 ’
940 1571 945 1588 ’

74 1640 193 1693 Nuntius
204 1642 306 1703 noctis,
316 1639 398 1691 modo
409 1641 481 1691 lotus
492 1643 579 1703 undis,
686 1629 691 1653 ¹

73 1711 230 1776 Hesperus,
242 1710 325 1777 pulsia
334 1710 432 1761 iterum
443 1710 562 1761 tenebris

73 1778 189 1831 Lucifer
198 1779 277 1830 idem.

73 1850 112 1901 Et
123 1854 154 1899 tu
165 1847 320 1916 thyrsigera
330 1848 413 1901 Liber
425 1847 458 1898 ab
472 1848 557 1911 ludia,

73 1922 188 1970 intonsa
196 1918 298 1969 iuvenis
310 1926 469 1986 perpetuum
482 1934 624 1982 coma„

73 1990 171 2055 'ligres
183 1989 325 2055 pampinea
335 1989 445 2055 cuspide
456 1989 594 2051 territans,

74 2060 113 2108 Ac
123 2059 205 2108 mitra
216 2056 343 2109 cohibens
354 2060 523 2126 cornigerum
535 2066 626 2124 caput,

75 2126 137 2178 Non
147 2128 239 2179 vinces
249 2127 349 2195 rigidas
360 2127 504 2195 Hippolyti
516 2143 652 2202 consess

75 2196 136 2247 Neu
146 2196 236 2247 vultus
245 2197 355 2248 nimium
366 2198 497 2263 suspicias
509 2202 586 2247 tuos:

75 2266 176 2317 Omnes
188 2281 236 2333 per
247 2266 360 2333 populos
372 2266 464 2318 fabula
476 2264 588 2330 distulit,

73 2334 217 2387 Phaedrae
228 2351 306 2403 quern
316 2337 427 2389 Bromio
438 2335 597 2403 praetulerit
607 2352 693 2389 soror.
823 2339 875 2389 760

74 2406 182 2471 Anceps
193 2404 281 2456 forma
290 2405 391 2456 bonum
402 2406 570 2469 mortalibus,

74 2474 176 2543 Exigui
188 2474 287 2525 donum
297 2475 380 2527 breve
390 2476 530 2541 temporis,

75 2546 111 2595 Ut
121 2544 202 2595 velox
214 2544 294 2596 celeri
305 2544 374 2613 pede
385 2542 496 2597 laberisl
588 2546 646 2653 {ir

74 2613 136 2665 Non
148 2614 187 2663 sic
198 2619 278 2680 prata
287 2630 358 2666 noro
369 2630 431 2666 vere
443 2614 569 2666 decentia

75 2684 193 2735 Aestatis
206 2683 308 2735 calidae
320 2684 454 2751 despoliat
464 2700 558 2751 vapor,

75 2752 168 2805 §aaut
178 2752 293 2803 solstitio
305 2769 366 2804 cum
376 2754 479 2805 medius
491 2755 557 2816 dies,

136 2819 203 2872 Son
232 2822 338 2872 Taso.
700 2825 711 2874 l
