2150 3125
275 507 453 573 ACTUS
487 509 696 576 PRIMUS.

396 680 426 724 H
430 679 457 724 B
465 681 484 724 ι’
492 679 540 726 UB
546 681 578 729 Δ.

148 778 221 833 Luget
231 778 321 822 Hecuba
327 779 423 835 patriae
436 810 442 830 ,
454 783 539 830 domus,
550 793 615 822 ruam
623 779 692 834 ἱρείη
702 779 867 825 suauitatem.

89 867 591 1036 innumerorum
597 911 694 1036 otti

89 1041 264 1110 Animumque
275 1043 356 1094 rebus
367 1043 505 1096 credulum
515 1043 594 1095 laetis
605 1042 693 1106 dedit,

88 1109 135 1160 Me
145 1111 237 1162 videet
246 1120 275 1162 et
284 1118 325 1174 te,
338 1111 436 1164 Troiar
446 1129 500 1165 non
509 1127 629 1180 unquam
638 1112 701 1164 tulit

88 1178 261 1233 Documenta
270 1181 339 1233 Fors
350 1183 467 1244 maiora,
479 1197 559 1250 quum
570 1180 659 1250 fragili
669 1181 731 1236 loco
866 1185 880 1233 ⁵

89 1247 199 1301 Sterent
209 1251 325 1317 superbi.
342 1251 471 1302 Columen
482 1266 606 1303 eversum
618 1252 719 1303 occidit

88 1318 218 1369 Pollentis
228 1321 307 1370 Asiae
317 1357 325 1382 ‚
337 1321 464 1372 coelitum
475 1336 490 1372 e
524 1321 602 1388 egion
610 1319 703 1386 lobon

89 1386 128 1437 rid
140 1389 215 1439 cuius
226 1404 301 1440 arrne
311 1389 384 1440 venit
394 1397 421 1442 et
432 1390 477 1457 qui
487 1337 615 1458 ffigidum

89 1455 208 1523 Septene
219 1458 325 1509 Tanain
336 1474 385 1510 ore
396 1459 557 1526 pandentem
567 1459 644 1522 bibit,

88 1525 126 1577 Et
137 1528 182 1595 qui
191 1535 315 1580 renatum
326 1529 427 1595 primus
438 1529 574 1597 excipiens
584 1529 654 1580 diem

88 1596 223 1663 Tepidunr
234 1598 341 1649 rubenti
353 1598 447 1667 Tigrin
456 1599 592 1649 immiscet
601 1598 683 1661 freto,

87 1667 126 1717 Et
136 1681 205 1734 quoe
217 1682 302 1735 vegos
312 1669 402 1719 ricino
412 1668 580 1734 prospiciens
591 1666 709 1734 Scythas

86 1736 183 1800 Ripam
195 1736 310 1787 catervis
322 1737 464 1788 Ponticum
475 1737 562 1787 riduis
572 1736 645 1788 ferit.

87 1806 189 1855 Exciso
197 1803 271 1856 ferro
283 1812 325 1857 est
335 1806 512 1875 Pergamu1n3
522 1806 645 1857 incubuit
654 1807 713 1859 sibi.

88 1875 142 1935 En,
154 1874 210 1925 aito
220 1876 289 1925 rnuri
300 1876 401 1927 decora
412 1876 533 1944 congesti
542 1877 635 1927 iacent

86 1944 182 1994 Tectis
193 1943 309 2009 adustis3
320 1946 422 2012 regiam
432 1944 557 1996 flammae
568 1946 698 2006 ambiunt,

86 2013 235 2081 Omnisque
245 2013 301 2065 late
310 2014 397 2065 fumat
407 2016 533 2066 Assaraci
543 2015 648 2066 domus.

86 2081 148 2133 Non
160 2080 286 2147 prohibet
297 2084 388 2135 andes
400 2083 509 2134 flamme
518 2085 631 2135 victoris
642 2098 752 2134 munus:

84 2150 220 2217 Diripitur
231 2152 327 2204 ardens
338 2154 431 2203 Troia.
443 2151 501 2204 Neo
512 2153 618 2205 coelum
628 2158 705 2221 potet

84 2221 212 2272 Undonte
223 2220 311 2272 fumo:
323 2223 393 2273 nube
405 2237 455 2273 oeu
466 2223 551 2273 densa
563 2222 681 2283 obsim,

83 2291 149 2341 Ater
159 2288 251 2340 favilla
261 2292 365 2358 squalet
379 2291 463 2343 iliaco
474 2292 539 2342 dies.

83 2357 146 2410 Stat
157 2359 249 2411 avidus
259 2362 316 2411 irae
326 2362 428 2425 victor,
437 2368 467 2413 et
475 2360 578 2411 lentum
588 2359 665 2411 niun

81 2429 198 2479 Metitur
209 2429 307 2492 oculis,
319 2446 351 2481 sc
363 2431 459 2481 decem
468 2429 578 2481 tandem
590 2427 663 2479 ferus

82 2498 206 2617 ppnuscit
216 2500 300 2549 annis.
310 2500 414 2551 Horret
425 2498 562 2551 adflictum
574 2511 694 2565 quoque3

111 2572 249 2634 rotamque
262 2570 384 2635 quamvis
394 2568 498 2628 rideat,
510 2565 584 2617 houd
595 2565 681 2617 credit
692 2566 743 2615 sibi

82 2637 212 2687 Potuisse
217 2637 297 2687 vinci.
309 2635 403 2703 Spolia
414 2638 561 2705 populator
570 2634 642 2702 repit

82 2705 238 2767 Dardanis3
253 2707 380 2773 praedam
392 2705 463 2756 mille
475 2722 528 2756 non
537 2705 647 2770 copiunt
657 2711 738 2755 retes.

82 2776 185 2824 Testor
197 2775 309 2826 deorum
319 2790 417 2826 numen
428 2774 572 2825 adversum
582 2770 656 2835 mihi,
