<?xml version="1.0" encoding="UTF-8"?>
<!DOCTYPE html PUBLIC "-//W3C//DTD XHTML 1.0 Transitional//EN"
    "http://www.w3.org/TR/xhtml1/DTD/xhtml1-transitional.dtd">
<html xmlns="http://www.w3.org/1999/xhtml" xml:lang="en" lang="en">
 <head>
  <title>
</title>
<meta http-equiv="Content-Type" content="text/html;charset=utf-8" />
  <meta name='ocr-system' content='tesseract 3.04.00' />
  <meta name='ocr-capabilities' content='ocr_page ocr_carea ocr_par ocr_line ocrx_word'/>
</head>
<body>
  <div class='ocr_page' id='page_1' title='image "./lannaeisenecaet05senegoog_0373.png"; bbox 0 0 2150 3125; ppageno 0'>
   <div class='ocr_carea' id='block_1_1' title="bbox 282 239 635 293">
    <p class='ocr_par' dir='ltr' id='par_1_1' title="bbox 282 239 635 293">
     <span class='ocr_line' id='line_1_1' title="bbox 282 239 635 293; baseline 0.003 -3"><span class='ocrx_word' id='word_1_1' title='bbox 282 239 474 291; x_wconf 76' lang='lat' dir='ltr'><strong>ocrnvln.</strong></span> <span class='ocrx_word' id='word_1_2' title='bbox 495 242 582 291; x_wconf 79' lang='lat' dir='ltr'>ACT.</span> <span class='ocrx_word' id='word_1_3' title='bbox 603 243 635 293; x_wconf 88' lang='lat' dir='ltr'><strong>ll.</strong></span> 
     </span>
    </p>
   </div>
   <div class='ocr_carea' id='block_1_2' title="bbox 37 341 845 2780">
    <p class='ocr_par' dir='ltr' id='par_1_2' title="bbox 43 341 566 412">
     <span class='ocr_line' id='line_1_2' title="bbox 43 341 566 412; baseline -0.006 -15"><span class='ocrx_word' id='word_1_4' title='bbox 43 346 103 400; x_wconf 89' lang='lat' dir='ltr'><strong>illic</strong></span> <span class='ocrx_word' id='word_1_5' title='bbox 113 341 248 411; x_wconf 81' lang='lat' dir='ltr'><strong>sepultum</strong></span> <span class='ocrx_word' id='word_1_6' title='bbox 259 349 301 393; x_wconf 87' lang='lat' dir='ltr'><strong>cst</strong></span> <span class='ocrx_word' id='word_1_7' title='bbox 311 345 392 412; x_wconf 91' lang='lat' dir='ltr'><strong>impie</strong></span> <span class='ocrx_word' id='word_1_8' title='bbox 402 350 509 412; x_wconf 80' lang='lat' dir='ltr'><strong>gestum</strong></span> <span class='ocrx_word' id='word_1_9' title='bbox 520 343 566 395; x_wconf 89' lang='lat' dir='ltr'><strong>diu</strong></span> 
     </span>
    </p>

    <p class='ocr_par' dir='ltr' id='par_1_3' title="bbox 44 412 579 477">
     <span class='ocr_line' id='line_1_3' title="bbox 44 412 579 477; baseline -0.002 -10"><span class='ocrx_word' id='word_1_10' title='bbox 44 415 129 467; x_wconf 82' lang='lat' dir='ltr'><strong>Civile</strong></span> <span class='ocrx_word' id='word_1_11' title='bbox 139 412 251 477; x_wconf 88' lang='lat' dir='ltr'><strong>bellum;</strong></span> <span class='ocrx_word' id='word_1_12' title='bbox 262 413 383 464; x_wconf 83' lang='lat' dir='ltr'><strong>condidit</strong></span> <span class='ocrx_word' id='word_1_13' title='bbox 393 415 502 466; x_wconf 79' lang='lat' dir='ltr'><strong>taudem</strong></span> <span class='ocrx_word' id='word_1_14' title='bbox 514 429 579 466; x_wconf 81' lang='lat' dir='ltr'><strong>suos</strong></span> 
     </span>
    </p>

    <p class='ocr_par' dir='ltr' id='par_1_4' title="bbox 43 481 632 545">
     <span class='ocr_line' id='line_1_4' title="bbox 43 481 632 545; baseline 0.002 -10"><span class='ocrx_word' id='word_1_15' title='bbox 43 486 103 535; x_wconf 85' lang='lat' dir='ltr'><strong>iam</strong></span> <span class='ocrx_word' id='word_1_16' title='bbox 113 483 201 534; x_wconf 84' lang='lat' dir='ltr'><strong>lessus</strong></span> <span class='ocrx_word' id='word_1_17' title='bbox 213 497 291 534; x_wconf 85' lang='lat' dir='ltr'><strong>enses</strong></span> <span class='ocrx_word' id='word_1_18' title='bbox 302 483 401 545; x_wconf 82' lang='lat' dir='ltr'><strong>victor,</strong></span> <span class='ocrx_word' id='word_1_19' title='bbox 412 481 556 536; x_wconf 83' lang='lat' dir='ltr'><strong>hebetatos</strong></span> <span class='ocrx_word' id='word_1_20' title='bbox 567 483 632 536; x_wconf 87' lang='lat' dir='ltr'><strong>ioris</strong></span> 
     </span>
    </p>

    <p class='ocr_par' dir='ltr' id='par_1_5' title="bbox 44 552 651 618">
     <span class='ocr_line' id='line_1_5' title="bbox 44 552 651 618; baseline -0.002 -12"><span class='ocrx_word' id='word_1_21' title='bbox 44 552 223 614; x_wconf 76' lang='lat' dir='ltr'>Vulneribus,</span> <span class='ocrx_word' id='word_1_22' title='bbox 234 558 264 602; x_wconf 89' lang='lat' dir='ltr'><strong>et</strong></span> <span class='ocrx_word' id='word_1_23' title='bbox 274 553 408 603; x_wconf 79' lang='lat' dir='ltr'><strong>continuit</strong></span> <span class='ocrx_word' id='word_1_24' title='bbox 415 554 558 618; x_wconf 89' lang='lat' dir='ltr'><strong>imperium</strong></span> <span class='ocrx_word' id='word_1_25' title='bbox 569 560 651 606; x_wconf 85' lang='lat' dir='ltr'><strong>metu.</strong></span> 
     </span>
    </p>

    <p class='ocr_par' dir='ltr' id='par_1_6' title="bbox 44 619 511 688">
     <span class='ocr_line' id='line_1_6' title="bbox 44 619 511 688; baseline 0 -15"><span class='ocrx_word' id='word_1_26' title='bbox 44 624 133 673; x_wconf 71' lang='lat' dir='ltr'><strong>Arulis</strong></span> <span class='ocrx_word' id='word_1_27' title='bbox 143 619 253 688; x_wconf 83' lang='lat' dir='ltr'><strong>fideque</strong></span> <span class='ocrx_word' id='word_1_28' title='bbox 264 621 355 672; x_wconf 84' lang='lat' dir='ltr'><strong>militis</strong></span> <span class='ocrx_word' id='word_1_29' title='bbox 365 628 439 673; x_wconf 77' lang='lat' dir='ltr'><strong>trrtus</strong></span> <span class='ocrx_word' id='word_1_30' title='bbox 450 621 511 684; x_wconf 79' lang='lat' dir='ltr'><strong>luit,</strong></span> 
     </span>
    </p>

    <p class='ocr_par' dir='ltr' id='par_1_7' title="bbox 45 689 530 755">
     <span class='ocr_line' id='line_1_7' title="bbox 45 689 530 755; baseline 0.002 -12"><span class='ocrx_word' id='word_1_31' title='bbox 45 694 153 744; x_wconf 82' lang='lat' dir='ltr'><strong>Pietate</strong></span> <span class='ocrx_word' id='word_1_32' title='bbox 165 691 223 740; x_wconf 87' lang='lat' dir='ltr'><strong>nati</strong></span> <span class='ocrx_word' id='word_1_33' title='bbox 243 689 333 741; x_wconf 84' lang='lat' dir='ltr'><strong>iactus</strong></span> <span class='ocrx_word' id='word_1_34' title='bbox 346 692 444 743; x_wconf 84' lang='lat' dir='ltr'><strong>eximia</strong></span> <span class='ocrx_word' id='word_1_35' title='bbox 455 692 530 755; x_wconf 89' lang='lat' dir='ltr'><strong>deus,</strong></span> 
     </span>
    </p>

    <p class='ocr_par' dir='ltr' id='par_1_8' title="bbox 43 759 626 829">
     <span class='ocr_line' id='line_1_8' title="bbox 43 759 626 829; baseline 0 -16"><span class='ocrx_word' id='word_1_36' title='bbox 43 764 114 813; x_wconf 86' lang='lat' dir='ltr'><strong>Post</strong></span> <span class='ocrx_word' id='word_1_37' title='bbox 124 759 183 810; x_wconf 82' lang='lat' dir='ltr'><strong>iata</strong></span> <span class='ocrx_word' id='word_1_38' title='bbox 193 767 371 812; x_wconf 85' lang='lat' dir='ltr'><strong>consecratus</strong></span> <span class='ocrx_word' id='word_1_39' title='bbox 383 768 410 812; x_wconf 87' lang='lat' dir='ltr'><strong>et</strong></span> <span class='ocrx_word' id='word_1_40' title='bbox 420 761 527 829; x_wconf 89' lang='lat' dir='ltr'><strong>templis</strong></span> <span class='ocrx_word' id='word_1_41' title='bbox 538 761 626 814; x_wconf 83' lang='lat' dir='ltr'><strong>datus.</strong></span> 
     </span>
    </p>

    <p class='ocr_par' dir='ltr' id='par_1_9' title="bbox 43 829 689 899">
     <span class='ocr_line' id='line_1_9' title="bbox 43 829 689 899; baseline -0.003 -15"><span class='ocrx_word' id='word_1_42' title='bbox 43 831 103 884; x_wconf 87' lang='lat' dir='ltr'><strong>Nos</strong></span> <span class='ocrx_word' id='word_1_43' title='bbox 115 844 221 898; x_wconf 88' lang='lat' dir='ltr'><strong>quoque</strong></span> <span class='ocrx_word' id='word_1_44' title='bbox 231 829 379 882; x_wconf 86' lang='lat' dir='ltr'><strong>manebunt</strong></span> <span class='ocrx_word' id='word_1_45' title='bbox 390 837 476 894; x_wconf 75' lang='lat' dir='ltr'><strong>nsua,</strong></span> <span class='ocrx_word' id='word_1_46' title='bbox 487 833 510 882; x_wconf 88' lang='lat' dir='ltr'><strong>si</strong></span> <span class='ocrx_word' id='word_1_47' title='bbox 521 844 604 883; x_wconf 83' lang='lat' dir='ltr'><strong>saevo</strong></span> <span class='ocrx_word' id='word_1_48' title='bbox 615 834 689 899; x_wconf 88' lang='lat' dir='ltr'><strong>prior</strong></span> 
     </span>
    </p>

    <p class='ocr_par' dir='ltr' id='par_1_10' title="bbox 42 899 699 1038">
     <span class='ocr_line' id='line_1_10' title="bbox 42 899 699 968; baseline 0 -15"><span class='ocrx_word' id='word_1_49' title='bbox 42 903 118 953; x_wconf 82' lang='lat' dir='ltr'><strong>Ense</strong></span> <span class='ocrx_word' id='word_1_50' title='bbox 127 901 284 965; x_wconf 84' lang='lat' dir='ltr'><strong>occuparo,</strong></span> <span class='ocrx_word' id='word_1_51' title='bbox 296 899 424 968; x_wconf 86' lang='lat' dir='ltr'><strong>quidquid</strong></span> <span class='ocrx_word' id='word_1_52' title='bbox 435 899 564 952; x_wconf 80' lang='lat' dir='ltr'><strong>infestum</strong></span> <span class='ocrx_word' id='word_1_53' title='bbox 574 907 617 953; x_wconf 89' lang='lat' dir='ltr'><strong>est</strong></span> <span class='ocrx_word' id='word_1_54' title='bbox 626 900 699 965; x_wconf 87' lang='lat' dir='ltr'><strong>mihi,</strong></span> 
     </span>
     <span class='ocr_line' id='line_1_11' title="bbox 43 969 682 1038; baseline 0.002 -17"><span class='ocrx_word' id='word_1_55' title='bbox 43 971 188 1038; x_wconf 77' lang='lat' dir='ltr'><strong>Dignaque</strong></span> <span class='ocrx_word' id='word_1_56' title='bbox 199 973 320 1020; x_wconf 80' lang='lat' dir='ltr'><strong>nostram</strong></span> <span class='ocrx_word' id='word_1_57' title='bbox 330 969 425 1021; x_wconf 84' lang='lat' dir='ltr'><strong>sobole</strong></span> <span class='ocrx_word' id='word_1_58' title='bbox 436 969 553 1022; x_wconf 76' lang='lat' dir='ltr'><strong>bundaro</strong></span> <span class='ocrx_word' id='word_1_59' title='bbox 564 969 682 1024; x_wconf 88' lang='lat' dir='ltr'><strong>domum.</strong></span> 
     </span>
    </p>

    <p class='ocr_par' dir='ltr' id='par_1_11' title="bbox 43 1036 666 1106">
     <span class='ocr_line' id='line_1_12' title="bbox 43 1036 666 1106; baseline 0.006 -16"><span class='ocrx_word' id='word_1_60' title='bbox 43 1053 85 1090; x_wconf 79' lang='lat' dir='ltr'><strong>su</strong></span> <span class='ocrx_word' id='word_1_61' title='bbox 93 1053 119 1088; x_wconf 84' lang='lat' dir='ltr'><strong>n.</strong></span> <span class='ocrx_word' id='word_1_62' title='bbox 138 1036 262 1104; x_wconf 80' lang='lat' dir='ltr'><strong>implebit</strong></span> <span class='ocrx_word' id='word_1_63' title='bbox 273 1037 361 1090; x_wconf 81' lang='lat' dir='ltr'><strong>aulam</strong></span> <span class='ocrx_word' id='word_1_64' title='bbox 372 1040 456 1106; x_wconf 78' lang='lat' dir='ltr'><strong>stirpe</strong></span> <span class='ocrx_word' id='word_1_65' title='bbox 468 1040 581 1092; x_wconf 82' lang='lat' dir='ltr'><strong>coelesti</strong></span> <span class='ocrx_word' id='word_1_66' title='bbox 590 1046 666 1094; x_wconf 88' lang='lat' dir='ltr'><strong>tuam</strong></span> 
     </span>
    </p>

    <p class='ocr_par' dir='ltr' id='par_1_12' title="bbox 44 1107 613 1177">
     <span class='ocr_line' id='line_1_13' title="bbox 44 1107 613 1177; baseline 0.002 -17"><span class='ocrx_word' id='word_1_67' title='bbox 44 1110 186 1160; x_wconf 86' lang='lat' dir='ltr'><strong>Generata</strong></span> <span class='ocrx_word' id='word_1_68' title='bbox 196 1107 272 1169; x_wconf 82' lang='lat' dir='ltr'><strong>diro,</strong></span> <span class='ocrx_word' id='word_1_69' title='bbox 283 1107 412 1159; x_wconf 81' lang='lat' dir='ltr'><strong>Claudiae</strong></span> <span class='ocrx_word' id='word_1_70' title='bbox 421 1111 509 1177; x_wconf 87' lang='lat' dir='ltr'><strong>gentis</strong></span> <span class='ocrx_word' id='word_1_71' title='bbox 520 1109 613 1175; x_wconf 83' lang='lat' dir='ltr'><strong>decus,</strong></span> 
     </span>
    </p>

    <p class='ocr_par' dir='ltr' id='par_1_13' title="bbox 42 1175 581 1241">
     <span class='ocr_line' id='line_1_14' title="bbox 42 1175 581 1241; baseline 0.006 -12"><span class='ocrx_word' id='word_1_72' title='bbox 42 1179 151 1229; x_wconf 71' lang='lat' dir='ltr'><strong>Sortito</strong></span> <span class='ocrx_word' id='word_1_73' title='bbox 160 1175 264 1238; x_wconf 77' lang='lat' dir='ltr'><strong>fratris,</strong></span> <span class='ocrx_word' id='word_1_74' title='bbox 275 1192 350 1229; x_wconf 88' lang='lat' dir='ltr'><strong>more</strong></span> <span class='ocrx_word' id='word_1_75' title='bbox 362 1178 483 1241; x_wconf 88' lang='lat' dir='ltr'><strong>iunonis,</strong></span> <span class='ocrx_word' id='word_1_76' title='bbox 495 1184 581 1232; x_wconf 87' lang='lat' dir='ltr'><strong>toros.</strong></span> 
     </span>
    </p>

    <p class='ocr_par' dir='ltr' id='par_1_14' title="bbox 42 1246 721 1384">
     <span class='ocr_line' id='line_1_15' title="bbox 43 1246 721 1316; baseline 0.003 -17"><span class='ocrx_word' id='word_1_77' title='bbox 43 1262 88 1299; x_wconf 79' lang='lat' dir='ltr'><strong>nu</strong></span> <span class='ocrx_word' id='word_1_78' title='bbox 95 1260 145 1297; x_wconf 80' lang='lat' dir='ltr'><strong>ro.</strong></span> <span class='ocrx_word' id='word_1_79' title='bbox 157 1248 263 1297; x_wconf 86' lang='lat' dir='ltr'><strong>incesta</strong></span> <span class='ocrx_word' id='word_1_80' title='bbox 273 1248 389 1315; x_wconf 81' lang='lat' dir='ltr'><strong>genitrix</strong></span> <span class='ocrx_word' id='word_1_81' title='bbox 400 1246 519 1300; x_wconf 72' lang='lat' dir='ltr'><strong>detrahit</strong></span> <span class='ocrx_word' id='word_1_82' title='bbox 527 1249 620 1316; x_wconf 84' lang='lat' dir='ltr'><strong>generi</strong></span> <span class='ocrx_word' id='word_1_83' title='bbox 631 1249 721 1314; x_wconf 82' lang='lat' dir='ltr'><strong>iidem,</strong></span> 
     </span>
     <span class='ocr_line' id='line_1_16' title="bbox 42 1317 690 1384; baseline 0.003 -16"><span class='ocrx_word' id='word_1_84' title='bbox 42 1318 208 1383; x_wconf 84' lang='lat' dir='ltr'><strong>Animusque</strong></span> <span class='ocrx_word' id='word_1_85' title='bbox 219 1332 354 1384; x_wconf 84' lang='lat' dir='ltr'><strong>nunquam</strong></span> <span class='ocrx_word' id='word_1_86' title='bbox 366 1318 487 1384; x_wconf 82' lang='lat' dir='ltr'><strong>coniugis</strong></span> <span class='ocrx_word' id='word_1_87' title='bbox 496 1320 606 1369; x_wconf 80' lang='lat' dir='ltr'><strong>iunctm</strong></span> <span class='ocrx_word' id='word_1_88' title='bbox 617 1317 690 1370; x_wconf 84' lang='lat' dir='ltr'><strong>mibi.</strong></span> 
     </span>
    </p>

    <p class='ocr_par' dir='ltr' id='par_1_15' title="bbox 40 1384 845 1523">
     <span class='ocr_line' id='line_1_17' title="bbox 45 1384 845 1453; baseline 0.005 -16"><span class='ocrx_word' id='word_1_89' title='bbox 45 1400 116 1437; x_wconf 76' lang='lat' dir='ltr'><strong>san.</strong></span> <span class='ocrx_word' id='word_1_90' title='bbox 128 1385 241 1436; x_wconf 84' lang='lat' dir='ltr'><strong>Teucris</strong></span> <span class='ocrx_word' id='word_1_91' title='bbox 252 1387 279 1436; x_wconf 92' lang='lat' dir='ltr'><strong>in</strong></span> <span class='ocrx_word' id='word_1_92' title='bbox 291 1386 366 1437; x_wconf 88' lang='lat' dir='ltr'><strong>anuis</strong></span> <span class='ocrx_word' id='word_1_93' title='bbox 377 1384 450 1438; x_wconf 89' lang='lat' dir='ltr'><strong>baud</strong></span> <span class='ocrx_word' id='word_1_94' title='bbox 460 1388 527 1438; x_wconf 86' lang='lat' dir='ltr'><strong>satis</strong></span> <span class='ocrx_word' id='word_1_95' title='bbox 538 1388 613 1438; x_wconf 76' lang='lat' dir='ltr'><strong>clara</strong></span> <span class='ocrx_word' id='word_1_96' title='bbox 624 1397 666 1440; x_wconf 87' lang='lat' dir='ltr'><strong>est</strong></span> <span class='ocrx_word' id='word_1_97' title='bbox 678 1389 753 1453; x_wconf 86' lang='lat' dir='ltr'><strong>lidos,</strong></span> <span class='ocrx_word' id='word_1_98' title='bbox 795 1392 845 1443; x_wconf 78' lang='lat'><strong>540</strong></span> 
     </span>
     <span class='ocr_line' id='line_1_18' title="bbox 40 1455 629 1523; baseline 0.005 -16"><span class='ocrx_word' id='word_1_99' title='bbox 40 1455 152 1507; x_wconf 85' lang='lat' dir='ltr'><strong>Pudore</strong></span> <span class='ocrx_word' id='word_1_100' title='bbox 163 1456 250 1506; x_wconf 84' lang='lat' dir='ltr'><strong>victus</strong></span> <span class='ocrx_word' id='word_1_101' title='bbox 261 1471 322 1507; x_wconf 91' lang='lat' dir='ltr'><strong>cum</strong></span> <span class='ocrx_word' id='word_1_102' title='bbox 334 1457 402 1523; x_wconf 80' lang='lat' dir='ltr'><strong>tegit</strong></span> <span class='ocrx_word' id='word_1_103' title='bbox 411 1455 533 1508; x_wconf 80' lang='lat' dir='ltr'><strong>flammas</strong></span> <span class='ocrx_word' id='word_1_104' title='bbox 544 1473 629 1510; x_wconf 85' lang='lat' dir='ltr'><strong>amor.</strong></span> 
     </span>
    </p>

    <p class='ocr_par' dir='ltr' id='par_1_16' title="bbox 38 1525 759 1663">
     <span class='ocr_line' id='line_1_19' title="bbox 40 1525 759 1594; baseline 0.006 -16"><span class='ocrx_word' id='word_1_105' title='bbox 40 1540 84 1578; x_wconf 81' lang='lat' dir='ltr'><strong>nn</strong></span> <span class='ocrx_word' id='word_1_106' title='bbox 92 1538 145 1576; x_wconf 83' lang='lat' dir='ltr'><strong>ao.</strong></span> <span class='ocrx_word' id='word_1_107' title='bbox 156 1525 218 1577; x_wconf 87' lang='lat' dir='ltr'><strong>Hoc</strong></span> <span class='ocrx_word' id='word_1_108' title='bbox 229 1525 353 1594; x_wconf 80' lang='lat' dir='ltr'><strong>equidem</strong></span> <span class='ocrx_word' id='word_1_109' title='bbox 364 1527 460 1594; x_wconf 87' lang='lat' dir='ltr'><strong>etipse</strong></span> <span class='ocrx_word' id='word_1_110' title='bbox 471 1526 575 1579; x_wconf 89' lang='lat' dir='ltr'><strong>credidi</strong></span> <span class='ocrx_word' id='word_1_111' title='bbox 586 1526 693 1581; x_wconf 79' lang='lat' dir='ltr'><strong>frustra</strong></span> <span class='ocrx_word' id='word_1_112' title='bbox 704 1530 759 1594; x_wconf 89' lang='lat' dir='ltr'><strong>diu,</strong></span> 
     </span>
     <span class='ocr_line' id='line_1_20' title="bbox 38 1593 606 1663; baseline 0.005 -16"><span class='ocrx_word' id='word_1_113' title='bbox 38 1593 191 1647; x_wconf 77' lang='lat' dir='ltr'><strong>Manifesta</strong></span> <span class='ocrx_word' id='word_1_114' title='bbox 202 1597 322 1663; x_wconf 85' lang='lat' dir='ltr'><strong>quamvis</strong></span> <span class='ocrx_word' id='word_1_115' title='bbox 333 1602 444 1663; x_wconf 84' lang='lat' dir='ltr'><strong>pectore</strong></span> <span class='ocrx_word' id='word_1_116' title='bbox 453 1597 606 1651; x_wconf 84' lang='lat' dir='ltr'><strong>insociabili</strong></span> 
     </span>
    </p>

    <p class='ocr_par' dir='ltr' id='par_1_17' title="bbox 40 1665 604 1733">
     <span class='ocr_line' id='line_1_21' title="bbox 40 1665 604 1733; baseline 0 -14"><span class='ocrx_word' id='word_1_117' title='bbox 40 1665 180 1732; x_wconf 92' lang='lat' dir='ltr'><strong>Vultuque</strong></span> <span class='ocrx_word' id='word_1_118' title='bbox 192 1665 268 1733; x_wconf 85' lang='lat' dir='ltr'><strong>signa</strong></span> <span class='ocrx_word' id='word_1_119' title='bbox 279 1666 424 1733; x_wconf 85' lang='lat' dir='ltr'><strong>proderent</strong></span> <span class='ocrx_word' id='word_1_120' title='bbox 434 1667 525 1718; x_wconf 91' lang='lat' dir='ltr'><strong>odium</strong></span> <span class='ocrx_word' id='word_1_121' title='bbox 536 1670 604 1731; x_wconf 83' lang='lat' dir='ltr'><strong>mei3</strong></span> 
     </span>
    </p>

    <p class='ocr_par' dir='ltr' id='par_1_18' title="bbox 37 1734 844 1878">
     <span class='ocr_line' id='line_1_22' title="bbox 39 1734 844 1801; baseline 0.002 -15"><span class='ocrx_word' id='word_1_122' title='bbox 39 1734 168 1786; x_wconf 71' lang='lat' dir='ltr'><strong>&#39;Tandem</strong></span> <span class='ocrx_word' id='word_1_123' title='bbox 178 1734 250 1801; x_wconf 94' lang='lat' dir='ltr'><strong>quod</strong></span> <span class='ocrx_word' id='word_1_124' title='bbox 262 1735 359 1786; x_wconf 82' lang='lat' dir='ltr'><strong>ardens</strong></span> <span class='ocrx_word' id='word_1_125' title='bbox 370 1738 466 1789; x_wconf 88' lang='lat' dir='ltr'><strong>statuit</strong></span> <span class='ocrx_word' id='word_1_126' title='bbox 476 1737 571 1789; x_wconf 90' lang='lat' dir='ltr'><strong>ulcisci</strong></span> <span class='ocrx_word' id='word_1_127' title='bbox 582 1738 670 1800; x_wconf 89' lang='lat' dir='ltr'><strong>dolor,</strong></span> <span class='ocrx_word' id='word_1_128' title='bbox 794 1740 844 1790; x_wconf 78' lang='grc'><strong>545</strong></span> 
     </span>
     <span class='ocr_line' id='line_1_23' title="bbox 37 1801 696 1878; baseline 0.003 -22"><span class='ocrx_word' id='word_1_129' title='bbox 37 1807 214 1872; x_wconf 85' lang='lat' dir='ltr'><strong>Dignamque</strong></span> <span class='ocrx_word' id='word_1_130' title='bbox 226 1801 351 1856; x_wconf 81' lang='lat' dir='ltr'><strong>thalamis</strong></span> <span class='ocrx_word' id='word_1_131' title='bbox 364 1807 506 1874; x_wconf 83' lang='lat' dir='ltr'><strong>coniugem</strong></span> <span class='ocrx_word' id='word_1_132' title='bbox 516 1808 619 1859; x_wconf 86' lang='lat' dir='ltr'><strong>invenit</strong></span> <span class='ocrx_word' id='word_1_133' title='bbox 629 1810 696 1878; x_wconf 85' lang='lat' dir='ltr'><strong>meis</strong></span> 
     </span>
    </p>

    <p class='ocr_par' dir='ltr' id='par_1_19' title="bbox 38 1873 702 2010">
     <span class='ocr_line' id='line_1_24' title="bbox 41 1873 702 1940; baseline 0.002 -13"><span class='ocrx_word' id='word_1_134' title='bbox 41 1876 153 1927; x_wconf 82' lang='lat' dir='ltr'><strong>Genere</strong></span> <span class='ocrx_word' id='word_1_135' title='bbox 164 1879 246 1940; x_wconf 85' lang='lat' dir='ltr'><strong>atque</strong></span> <span class='ocrx_word' id='word_1_136' title='bbox 257 1873 358 1936; x_wconf 78' lang='lat' dir='ltr'><strong>forma,</strong></span> <span class='ocrx_word' id='word_1_137' title='bbox 369 1876 443 1928; x_wconf 86' lang='lat' dir='ltr'><strong>ricta</strong></span> <span class='ocrx_word' id='word_1_138' title='bbox 453 1878 497 1927; x_wconf 85' lang='lat' dir='ltr'><strong>cui</strong></span> <span class='ocrx_word' id='word_1_139' title='bbox 508 1875 590 1929; x_wconf 79' lang='lat' dir='ltr'><strong>cedat</strong></span> <span class='ocrx_word' id='word_1_140' title='bbox 600 1878 702 1939; x_wconf 86' lang='lat' dir='ltr'><strong>Venus,</strong></span> 
     </span>
     <span class='ocr_line' id='line_1_25' title="bbox 38 1942 583 2010; baseline 0.007 -15"><span class='ocrx_word' id='word_1_141' title='bbox 38 1945 169 2010; x_wconf 83' lang='lat' dir='ltr'><strong>Iovisque</strong></span> <span class='ocrx_word' id='word_1_142' title='bbox 179 1944 290 2005; x_wconf 85' lang='lat' dir='ltr'><strong>coniux,</strong></span> <span class='ocrx_word' id='word_1_143' title='bbox 302 1949 331 1994; x_wconf 91' lang='lat' dir='ltr'><strong>et</strong></span> <span class='ocrx_word' id='word_1_144' title='bbox 340 1942 419 1996; x_wconf 78' lang='lat' dir='ltr'><strong>ferox</strong></span> <span class='ocrx_word' id='word_1_145' title='bbox 429 1946 511 1996; x_wconf 87' lang='lat' dir='ltr'><strong>armis</strong></span> <span class='ocrx_word' id='word_1_146' title='bbox 522 1945 583 1999; x_wconf 79' lang='lat' dir='ltr'><strong>dea.</strong></span> 
     </span>
    </p>

    <p class='ocr_par' dir='ltr' id='par_1_20' title="bbox 40 2012 843 2223">
     <span class='ocr_line' id='line_1_26' title="bbox 41 2012 756 2084; baseline 0.003 -19"><span class='ocrx_word' id='word_1_147' title='bbox 41 2027 115 2065; x_wconf 80' lang='lat' dir='ltr'><strong>sun.</strong></span> <span class='ocrx_word' id='word_1_148' title='bbox 126 2013 253 2064; x_wconf 77' lang='lat' dir='ltr'><strong>Probitas</strong></span> <span class='ocrx_word' id='word_1_149' title='bbox 263 2012 386 2081; x_wconf 81' lang='lat' dir='ltr'><strong>fidesque</strong></span> <span class='ocrx_word' id='word_1_150' title='bbox 398 2016 532 2084; x_wconf 83' lang='lat' dir='ltr'><strong>coniugis,</strong></span> <span class='ocrx_word' id='word_1_151' title='bbox 543 2031 649 2078; x_wconf 85' lang='lat' dir='ltr'><strong>mores,</strong></span> <span class='ocrx_word' id='word_1_152' title='bbox 660 2014 756 2084; x_wconf 88' lang='lat' dir='ltr'><strong>pudor,</strong></span> 
     </span>
     <span class='ocr_line' id='line_1_27' title="bbox 40 2083 843 2151; baseline 0.001 -17"><span class='ocrx_word' id='word_1_153' title='bbox 40 2084 176 2135; x_wconf 87' lang='lat' dir='ltr'><strong>Placeant</strong></span> <span class='ocrx_word' id='word_1_154' title='bbox 186 2083 297 2133; x_wconf 83' lang='lat' dir='ltr'><strong>marito=</strong></span> <span class='ocrx_word' id='word_1_155' title='bbox 310 2083 368 2133; x_wconf 88' lang='lat' dir='ltr'><strong>sola</strong></span> <span class='ocrx_word' id='word_1_156' title='bbox 378 2090 510 2151; x_wconf 91' lang='lat' dir='ltr'><strong>perpetuo</strong></span> <span class='ocrx_word' id='word_1_157' title='bbox 520 2092 640 2148; x_wconf 86' lang='lat' dir='ltr'><strong>manent,</strong></span> <span class='ocrx_word' id='word_1_158' title='bbox 792 2086 843 2137; x_wconf 92' lang='grc'><strong>550</strong></span> 
     </span>
     <span class='ocr_line' id='line_1_28' title="bbox 40 2151 652 2223; baseline 0.005 -19"><span class='ocrx_word' id='word_1_159' title='bbox 40 2152 175 2204; x_wconf 81' lang='lat' dir='ltr'><strong>Subiecta</strong></span> <span class='ocrx_word' id='word_1_160' title='bbox 187 2151 263 2215; x_wconf 91' lang='lat' dir='ltr'><strong>nulli,</strong></span> <span class='ocrx_word' id='word_1_161' title='bbox 274 2154 371 2203; x_wconf 85' lang='lat' dir='ltr'><strong>mentis</strong></span> <span class='ocrx_word' id='word_1_162' title='bbox 382 2159 463 2223; x_wconf 84' lang='lat' dir='ltr'><strong>atque</strong></span> <span class='ocrx_word' id='word_1_163' title='bbox 475 2156 557 2206; x_wconf 90' lang='lat' dir='ltr'><strong>animi</strong></span> <span class='ocrx_word' id='word_1_164' title='bbox 566 2155 652 2218; x_wconf 81' lang='lat' dir='ltr'><strong>boua;</strong></span> 
     </span>
    </p>

    <p class='ocr_par' dir='ltr' id='par_1_21' title="bbox 38 2221 577 2291">
     <span class='ocr_line' id='line_1_29' title="bbox 38 2221 577 2291; baseline 0.004 -17"><span class='ocrx_word' id='word_1_165' title='bbox 38 2223 152 2275; x_wconf 89' lang='lat' dir='ltr'><strong>Florem</strong></span> <span class='ocrx_word' id='word_1_166' title='bbox 163 2221 269 2272; x_wconf 86' lang='lat' dir='ltr'><strong>decoris</strong></span> <span class='ocrx_word' id='word_1_167' title='bbox 279 2222 376 2291; x_wconf 84' lang='lat' dir='ltr'><strong>singuli</strong></span> <span class='ocrx_word' id='word_1_168' title='bbox 387 2231 502 2291; x_wconf 86' lang='lat' dir='ltr'><strong>carpunt</strong></span> <span class='ocrx_word' id='word_1_169' title='bbox 511 2225 577 2276; x_wconf 86' lang='lat' dir='ltr'><strong>dies.</strong></span> 
     </span>
    </p>

    <p class='ocr_par' dir='ltr' id='par_1_22' title="bbox 39 2290 700 2428">
     <span class='ocr_line' id='line_1_30' title="bbox 39 2290 700 2348; baseline 0.002 -5"><span class='ocrx_word' id='word_1_170' title='bbox 39 2302 144 2343; x_wconf 82' lang='lat' dir='ltr'><strong>nuno.</strong></span> <span class='ocrx_word' id='word_1_171' title='bbox 157 2290 256 2341; x_wconf 89' lang='lat' dir='ltr'><strong>Omnes</strong></span> <span class='ocrx_word' id='word_1_172' title='bbox 266 2292 293 2341; x_wconf 91' lang='lat' dir='ltr'><strong>in</strong></span> <span class='ocrx_word' id='word_1_173' title='bbox 305 2306 385 2342; x_wconf 89' lang='lat' dir='ltr'><strong>unam</strong></span> <span class='ocrx_word' id='word_1_174' title='bbox 396 2294 510 2345; x_wconf 87' lang='lat' dir='ltr'><strong>contulit</strong></span> <span class='ocrx_word' id='word_1_175' title='bbox 519 2294 616 2347; x_wconf 83' lang='lat' dir='ltr'><strong>laudes</strong></span> <span class='ocrx_word' id='word_1_176' title='bbox 624 2294 700 2348; x_wconf 87' lang='lat' dir='ltr'><strong>deus.</strong></span> 
     </span>
     <span class='ocr_line' id='line_1_31' title="bbox 39 2359 584 2428; baseline 0.004 -16"><span class='ocrx_word' id='word_1_177' title='bbox 39 2361 193 2428; x_wconf 84' lang='lat' dir='ltr'><strong>Talemque</strong></span> <span class='ocrx_word' id='word_1_178' title='bbox 204 2362 279 2412; x_wconf 89' lang='lat' dir='ltr'><strong>nasci</strong></span> <span class='ocrx_word' id='word_1_179' title='bbox 288 2359 348 2412; x_wconf 81' lang='lat' dir='ltr'><strong>iata</strong></span> <span class='ocrx_word' id='word_1_180' title='bbox 358 2362 501 2415; x_wconf 82' lang='lat' dir='ltr'><strong>voluerunt</strong></span> <span class='ocrx_word' id='word_1_181' title='bbox 511 2363 584 2415; x_wconf 87' lang='lat' dir='ltr'><strong>mibi.</strong></span> 
     </span>
    </p>

    <p class='ocr_par' dir='ltr' id='par_1_23' title="bbox 38 2429 841 2640">
     <span class='ocr_line' id='line_1_32' title="bbox 40 2429 841 2496; baseline 0 -15"><span class='ocrx_word' id='word_1_182' title='bbox 40 2444 114 2482; x_wconf 79' lang='lat' dir='ltr'><strong>sun.</strong></span> <span class='ocrx_word' id='word_1_183' title='bbox 125 2429 247 2481; x_wconf 77' lang='lat' dir='ltr'><strong>Recedet</strong></span> <span class='ocrx_word' id='word_1_184' title='bbox 257 2446 274 2480; x_wconf 87' lang='lat' dir='ltr'><strong>a</strong></span> <span class='ocrx_word' id='word_1_185' title='bbox 283 2435 324 2493; x_wconf 90' lang='lat' dir='ltr'><strong>te,</strong></span> <span class='ocrx_word' id='word_1_186' title='bbox 335 2436 438 2486; x_wconf 84' lang='lat' dir='ltr'><strong>temore</strong></span> <span class='ocrx_word' id='word_1_187' title='bbox 449 2450 483 2484; x_wconf 92' lang='lat' dir='ltr'><strong>ne</strong></span> <span class='ocrx_word' id='word_1_188' title='bbox 494 2434 602 2496; x_wconf 82' lang='lat' dir='ltr'><strong>credas,</strong></span> <span class='ocrx_word' id='word_1_189' title='bbox 614 2448 697 2483; x_wconf 85' lang='lat' dir='ltr'><strong>amor.</strong></span> <span class='ocrx_word' id='word_1_190' title='bbox 792 2432 841 2482; x_wconf 88' lang='grc'><strong>555</strong></span> 
     </span>
     <span class='ocr_line' id='line_1_33' title="bbox 38 2500 789 2570; baseline 0.003 -20"><span class='ocrx_word' id='word_1_191' title='bbox 38 2514 82 2551; x_wconf 78' lang='lat' dir='ltr'><strong>nn·</strong></span> <span class='ocrx_word' id='word_1_192' title='bbox 90 2513 142 2550; x_wconf 82' lang='lat' dir='ltr'><strong>no.</strong></span> <span class='ocrx_word' id='word_1_193' title='bbox 156 2501 242 2561; x_wconf 78' lang='lat' dir='ltr'><strong>Quem</strong></span> <span class='ocrx_word' id='word_1_194' title='bbox 253 2500 414 2553; x_wconf 84' lang='lat' dir='ltr'><strong>submovere</strong></span> <span class='ocrx_word' id='word_1_195' title='bbox 423 2500 541 2554; x_wconf 68' lang='lat' dir='ltr'><strong>fulminis</strong></span> <span class='ocrx_word' id='word_1_196' title='bbox 552 2504 676 2554; x_wconf 87' lang='lat' dir='ltr'><strong>dominus</strong></span> <span class='ocrx_word' id='word_1_197' title='bbox 688 2502 789 2570; x_wconf 87' lang='lat' dir='ltr'><strong>nequit,</strong></span> 
     </span>
     <span class='ocr_line' id='line_1_34' title="bbox 40 2570 651 2640; baseline 0.005 -20"><span class='ocrx_word' id='word_1_198' title='bbox 40 2570 118 2621; x_wconf 85' lang='lat' dir='ltr'><strong>Coeli</strong></span> <span class='ocrx_word' id='word_1_199' title='bbox 128 2575 285 2635; x_wconf 84' lang='lat' dir='ltr'><strong>tyrannum,</strong></span> <span class='ocrx_word' id='word_1_200' title='bbox 297 2586 379 2622; x_wconf 82' lang='lat' dir='ltr'><strong>saeva</strong></span> <span class='ocrx_word' id='word_1_201' title='bbox 389 2573 433 2640; x_wconf 91' lang='lat' dir='ltr'><strong>qui</strong></span> <span class='ocrx_word' id='word_1_202' title='bbox 445 2579 571 2639; x_wconf 84' lang='lat' dir='ltr'><strong>penetrat</strong></span> <span class='ocrx_word' id='word_1_203' title='bbox 580 2573 651 2624; x_wconf 79' lang='lat' dir='ltr'><strong>freta</strong></span> 
     </span>
    </p>

    <p class='ocr_par' dir='ltr' id='par_1_24' title="bbox 37 2638 630 2710">
     <span class='ocr_line' id='line_1_35' title="bbox 37 2638 630 2710; baseline 0.003 -20"><span class='ocrx_word' id='word_1_204' title='bbox 37 2641 167 2707; x_wconf 87' lang='lat' dir='ltr'><strong>Ditisque</strong></span> <span class='ocrx_word' id='word_1_205' title='bbox 178 2654 275 2705; x_wconf 85' lang='lat' dir='ltr'><strong>regna,</strong></span> <span class='ocrx_word' id='word_1_206' title='bbox 288 2638 406 2691; x_wconf 83' lang='lat' dir='ltr'><strong>detrahit</strong></span> <span class='ocrx_word' id='word_1_207' title='bbox 417 2640 538 2709; x_wconf 85' lang='lat' dir='ltr'><strong>Superos</strong></span> <span class='ocrx_word' id='word_1_208' title='bbox 549 2642 630 2710; x_wconf 78' lang='lat' dir='ltr'><strong>poloi</strong></span> 
     </span>
    </p>

    <p class='ocr_par' dir='ltr' id='par_1_25' title="bbox 39 2707 796 2780">
     <span class='ocr_line' id='line_1_36' title="bbox 39 2707 796 2780; baseline 0.003 -20"><span class='ocrx_word' id='word_1_209' title='bbox 39 2722 115 2760; x_wconf 77' lang='lat' dir='ltr'><strong>sun.</strong></span> <span class='ocrx_word' id='word_1_210' title='bbox 127 2707 274 2760; x_wconf 86' lang='lat' dir='ltr'><strong>Volucrem</strong></span> <span class='ocrx_word' id='word_1_211' title='bbox 287 2726 345 2761; x_wconf 87' lang='lat' dir='ltr'><strong>esse</strong></span> <span class='ocrx_word' id='word_1_212' title='bbox 357 2725 476 2761; x_wconf 81' lang='lat' dir='ltr'><strong>amorem</strong></span> <span class='ocrx_word' id='word_1_213' title='bbox 488 2712 566 2780; x_wconf 83' lang='lat' dir='ltr'><strong>lingit</strong></span> <span class='ocrx_word' id='word_1_214' title='bbox 575 2714 705 2764; x_wconf 86' lang='lat' dir='ltr'><strong>immitem</strong></span> <span class='ocrx_word' id='word_1_215' title='bbox 718 2712 796 2764; x_wconf 86' lang='lat' dir='ltr'><strong>deum</strong></span> 
     </span>
    </p>
   </div>
   <div class='ocr_carea' id='block_1_3' title="bbox 39 2776 842 2903">
    <p class='ocr_par' dir='ltr' id='par_1_26' title="bbox 39 2776 842 2903">
     <span class='ocr_line' id='line_1_37' title="bbox 39 2776 842 2848; baseline 0 -19"><span class='ocrx_word' id='word_1_216' title='bbox 39 2776 167 2830; x_wconf 77' lang='lat' dir='ltr'><strong>Mortalis</strong></span> <span class='ocrx_word' id='word_1_217' title='bbox 178 2794 267 2840; x_wconf 86' lang='lat' dir='ltr'><strong>error,</strong></span> <span class='ocrx_word' id='word_1_218' title='bbox 281 2786 369 2830; x_wconf 69' lang='lat' dir='ltr'><strong>arnust</strong></span> <span class='ocrx_word' id='word_1_219' title='bbox 379 2787 407 2832; x_wconf 92' lang='lat' dir='ltr'><strong>et</strong></span> <span class='ocrx_word' id='word_1_220' title='bbox 416 2782 476 2833; x_wconf 89' lang='lat' dir='ltr'><strong>telis</strong></span> <span class='ocrx_word' id='word_1_221' title='bbox 486 2799 592 2848; x_wconf 87' lang='lat' dir='ltr'><strong>manus,</strong></span> <span class='ocrx_word' id='word_1_222' title='bbox 791 2781 842 2830; x_wconf 86' lang='grc'><strong>560</strong></span> 
     </span>
     <span class='ocr_line' id='line_1_38' title="bbox 103 2846 685 2903; baseline 0.01 -6"><span class='ocrx_word' id='word_1_223' title='bbox 103 2846 180 2899; x_wconf 78' lang='lat' dir='ltr'><strong>Suu.</strong></span> <span class='ocrx_word' id='word_1_224' title='bbox 201 2850 306 2899; x_wconf 75' lang='lat' dir='ltr'><strong>&#39;l&#39;nno</strong></span> <span class='ocrx_word' id='word_1_225' title='bbox 639 2856 685 2903; x_wconf 78' lang='lat' dir='ltr'><strong>Aa</strong></span> 
     </span>
    </p>
   </div>
   <div class='ocr_carea' id='block_1_4' title="bbox 0 0 1080 3125">
    <p class='ocr_par' dir='ltr' id='par_1_27' title="bbox 0 0 1080 3125">
     <span class='ocr_line' id='line_1_39' title="bbox 0 0 1080 3125; baseline 0 2"><span class='ocrx_word' id='word_1_226' title='bbox 0 0 1080 3125; x_wconf 95' lang='lat' dir='ltr'><strong> </strong></span> 
     </span>
    </p>
   </div>
  </div>
 </body>
</html>
