2150 3125
153 213 381 268 HRRCULES
401 214 603 270 olt'rnuus.
639 220 771 273 ΑΟΤΝ.
807 221 857 275 tte
936 285 939 290 .

205 408 432 467 suenus,
454 409 703 458 uuncvnss.

53 575 75 612 tr
110 509 207 611 διοιῶινν
220 513 333 566 lumem
347 516 444 554 matrem
462 509 569 554 Hermu·
587 511 613 555 in
626 515 718 558 deorum
737 518 855 572 collegium

77 582 119 611 am
130 582 145 609 u
183 597 188 608 .

52 671 151 711 nnnc.
172 658 296 720 Quid-ane
306 663 442 711 tenentem
454 672 538 727 regnu
549 659 646 712 siderei
657 662 721 728 poli,

52 728 191 797 Coeloque
201 728 311 780 tandein
322 728 466 790 redditum,
478 728 589 796 planetu
598 730 676 783 iubes

51 798 160 850 Sentire
171 795 275 849 intumi
293 798 391 850 Pares:
402 813 464 849 nem
476 800 560 850 virtus
572 799 636 851 nsihi

51 869 83 919 ln
90 874 165 919 astra
175 872 203 920 st
212 869 287 934 ipsus
297 866 365 919 iecit
375 867 410 918 ad
422 866 542 934 Superos
551 870 612 921 iter.
786 873 853 924 1945

52 951 150 989 nucu.
169 937 246 989 Unde
256 952 339 990 sonus
349 937 469 1005 trepidas
481 953 561 990 sures
571 937 651 990 ierit!

52 1007 130 1060 Unde
142 1023 217 1058 meas
228 1006 332 1059 inhibet
339 1008 466 1058 lacrimas
475 1006 586 1076 fragori

51 1080 193 1146 Agnosco,
206 1091 340 1145 agnoscor
350 1078 452 1128 rictum
464 1084 507 1128 est
518 1076 620 1130 chaos!

52 1150 75 1198 Α
88 1145 183 1214 Styge,
195 1151 271 1210 nate,
290 1147 362 1198 redis
373 1148 471 1198 iterum
483 1145 557 1210 mihi,

52 1217 208 1285 Fractaque
219 1230 274 1266 non
283 1216 365 1269 semel
378 1221 419 1268 est
428 1217 505 1268 Mors
516 1214 639 1270 horrida!
790 1220 856 1271 1959

52 1286 152 1338 vicisti
163 1301 268 1337 rursum
279 1285 375 1338 Noctis
385 1287 455 1348 lues,

53 1356 158 1422 Puppis
168 1354 324 1408 etinfernae
335 1356 405 1407 vade
415 1356 518 1422 tristiu3

53 1426 171 1478 Pervius
181 1431 223 1477 est
233 1424 357 1478 Acheron
367 1426 422 1476 iem
432 1425 583 1494 languidus,

52 1496 92 1547 Et
102 1510 224 1547 remeare
234 1494 300 1546 licet
310 1495 360 1546 suli
370 1494 428 1546 tibi.

52 1565 115 1617 Nee
126 1570 154 1617 te
163 1564 234 1617 Fata
243 1572 338 1617 tenent
349 1573 412 1633 post
423 1565 530 1618 funera!

53 1638 94 1686 An
105 1635 156 1686 tibi
165 1636 312 1703 praeclusit
323 1636 422 1687 Pluton
432 1637 494 1698 iter,

52 1708 91 1757 Et
102 1705 215 1774 pavidus
224 1706 300 1773 regni
310 1707 407 1757 metuit
417 1706 467 1757 sibi
477 1703 489 1755 t

52 1777 135 1827 Certe
147 1790 198 1844 ego
210 1783 237 1826 tu
247 1775 301 1826 vidi
312 1774 489 1843 flagrantibus

51 1846 214 1912 Impositum
225 1844 307 1907 silvis,
320 1860 381 1896 curn
393 1844 522 1912 plurimus

52 1916 83 1966 ln
96 1914 202 1966 eoelum
213 1914 318 1966 fureret
328 1913 453 1966 flammae
464 1922 552 1967 metus

51 1986 149 2037 Arsisti
160 1990 248 2047 eerte;
260 1999 307 2035 cur
318 1984 413 2035 ultima

51 2053 77 2107 N
79 2071 115 2107 on
125 2060 237 2106 tenuere
248 2060 310 2105 tuus
322 2053 432 2105 umbras
442 2053 522 2105 luca!

53 2124 126 2187 Quid
137 2125 252 2175 timuere
262 2124 302 2175 tui
312 2140 419 2187 manes,
431 2124 547 2191 precor!

53 2194 155 2247 Umbrs
165 2209 272 2261 quoque
284 2209 314 2246 es
324 2192 383 2245 Diti
393 2195 470 2245 nimis
482 2192 609 2246 hun-idat

51 2279 96 2315 mr
104 2278 124 2315 n
133 2278 157 2315 c.
176 2263 237 2315 Non
248 2278 291 2315 me
301 2265 435 2331 gementis
446 2270 544 2332 stagna
555 2266 652 2333 Cocyti
663 2272 765 2329 tenent,
789 2266 856 2317 1965

51 2334 114 2386 Nun
125 2335 222 2401 puppis
234 2333 343 2385 umbras
352 2331 432 2384 furva
443 2337 595 2387 transvexit
605 2350 691 2387 meas:

50 2405 108 2455 lem
121 2418 219 2470 parce,
231 2408 333 2466 mater,
345 2402 496 2470 questibus!
515 2406 611 2455 Manes
621 2404 705 2456 semel

48 2474 220 2540 Umbrasque
230 2472 298 2537 vidi3
310 2472 438 2540 quidquid
448 2474 475 2523 in
486 2474 563 2525 nobis
575 2474 615 2524 tui

48 2543 170 2595 Mortale
181 2542 363 2611 fuerut‚ignis
375 2544 474 2593 inritus
485 2542 560 2605 tulit3
874 2581 875 2584 η

48 2614 173 2665 Paterna
183 2611 260 2663 coelo
271 2627 334 2679 pars
345 2612 409 2663 datu
420 2618 474 2675 est,
487 2610 601 2664 flammis
611 2618 667 2665 tus.
787 2619 856 2670 1919

48 2681 170 2735 Proinde
181 2682 305 2748 planetus
315 2696 396 2749 pune,
407 2697 475 2749 quos
486 2689 570 2750 gnato
582 2690 660 2751 paret

50 2752 178 2806 Genitrix
187 2752 280 2814 inerti3
291 2751 379 2803 luctus
390 2753 418 2802 in
428 2756 521 2820 turpes
533 2758 587 2805 eat.
