2150 3125
107 323 109 327 v
189 249 239 299 258
380 246 413 296 L.
442 242 597 295 ANNAEl
628 243 821 299 SENECAE

249 351 273 403 N
275 367 307 403 ec
316 348 448 401 hactenus
459 348 583 399 Fortuna
592 348 739 400 maculavit
749 357 870 417 patrem3

250 421 318 482 Sed,
329 421 416 471 maius
428 418 502 469 aliud
512 433 580 469 ausa
591 419 737 470 commisso
748 420 846 484 scelus,

207 493 239 542 :lo
253 492 360 542 Gnatae
371 488 505 539 nefandos
516 494 611 555 petere
622 487 784 543 concubitus
794 491 878 543 iubet

251 561 312 611 Non
324 560 437 626 pavidus
447 556 526 609 hausi
537 557 626 621 dicte,
638 558 687 610 sed
698 561 758 626 cepi
770 558 856 612 nefas.

251 632 324 697 Ergo
336 636 367 679 ut
377 644 426 695 per
438 643 533 679 omnes
543 626 646 679 liberos
654 628 723 681 irem
734 642 842 695 parens,

251 701 355 750 Coacta
365 699 429 749 latis
440 704 525 765 gnate
534 696 590 749 lert
600 702 708 749 uterum
718 713 840 767 gravem

250 771 296 820 hle
308 775 385 836 patre
397 768 515 835 dignum.
552 766 642 819 Verso
651 773 752 820 nature
762 776 805 821 est
816 775 904 821 retro·

208 842 240 891 35
252 842 308 889 Avo
320 844 476 904 parentem,
488 851 539 904 pro
551 836 642 889 nefas!
664 838 737 905 petri
747 840 844 903 mum,

251 910 347 960 Gnatis
359 913 474 973 nepotes
484 907 594 971 miscui,
607 909 682 958 nocti
693 908 773 961 diem.

251 978 306 1030 Sed
316 994 379 1030 sere
388 977 499 1029 tandem
510 977 623 1044 respicit
633 976 722 1029 fessos
734 976 812 1030 malis

250 1049 319 1099 Post
328 1047 388 1098 iata
398 1046 506 1097 demum
517 1048 599 1097 sortis
609 1047 731 1099 incertae
742 1046 823 1099 lides:

252 1119 311 1169 ilex
322 1118 369 1169 ille
379 1131 489 1185 regum,
502 1115 602 1167 ductor
610 1118 795 1185 Agamemnon
807 1117 916 1180 dueum,

208 1190 241 1237 so
255 1188 336 1238 Cuius
346 1192 458 1238 secutae
469 1186 541 1238 mille
552 1186 679 1237 vexillum
690 1191 773 1249 rates,

254 1258 337 1309 lliaca
347 1256 413 1307 velis
424 1257 512 1307 maria
522 1262 652 1307 texerunt
662 1257 728 1318 suis,

250 1328 318 1378 Post
328 1327 436 1379 decima
446 1324 550 1378 Phoebi
561 1325 649 1377 lustra
659 1326 765 1378 devicto
779 1326 828 1376 llio

249 1397 346 1459 Adest,
359 1396 473 1447 daturus
484 1396 592 1463 coniugi
603 1395 725 1463 iugulum
737 1410 811 1446 suae.

250 1468 362 1517 lamiam
373 1465 480 1516 natabit
491 1466 622 1533 sanguine
644 1465 749 1517 alterno
762 1464 873 1529 domus;

206 1538 239 1591 45
250 1537 352 1600 Enses,
362 1550 488 1599 secures,
500 1534 572 1598 tela,
583 1535 698 1587 divisum
708 1536 785 1604 gravi

249 1609 308 1658 lctu
318 1607 442 1674 bipennis
453 1607 557 1673 regium
569 1605 648 1656 video
662 1605 757 1672 ceput!

249 1679 306 1729 lam
317 1677 422 1729 scelera
433 1691 518 1743 prope
525 1681 601 1739 sunt3
611 1676 666 1726 iam
678 1674 764 1738 dolus,
777 1675 889 1738 caedes,
903 1692 989 1729 eruor

248 1747 385 1798 Perantur
395 1744 504 1812 epulae!
526 1744 724 1796 caesenatem
735 1746 785 1808 tui,

247 1815 389 1885 Aegistho,
400 1814 487 1866 venit!
512 1815 583 1877 outo
596 1815 684 1881 pudor
694 1815 784 1867 vultus
795 1814 909 1883 gravem?

206 1888 239 1937 50
251 1887 322 1949 Quid
333 1887 430 1938 dextra
441 1885 523 1936 dubio
534 1885 642 1951 trepida
654 1886 766 1936 consilio
778 1883 870 1935 labatl

249 1957 320 2020 Quid
331 1959 390 2024 ipse
400 1961 486 2006 temet
497 1954 629 2016 consulis,
643 1961 767 2023 torques,
779 1970 861 2023 rogas

249 2029 289 2076 An
300 2027 398 2078 deceat
409 2021 463 2076 hoc
473 2021 519 2075 tei
541 2025 656 2090 Respice
668 2026 702 2076 ad
716 2031 845 2075 matrem:
857 2025 949 2074 decet.

251 2095 305 2148 Sed
316 2111 365 2148 cur
376 2100 489 2161 repente
500 2095 588 2144 noctis
601 2095 721 2145 aestivae
732 2096 805 2144 vices

252 2167 372 2217 Hiberna
382 2166 466 2232 longa
476 2165 565 2232 spatia
576 2163 730 2230 producunt
741 2161 834 2214 moral

206 2236 239 2284 55
250 2237 303 2286 Aut
314 2236 377 2302 qnid
389 2235 519 2285 cadentes
531 2233 635 2285 detinet
645 2233 738 2286 stellas
749 2231 830 2300 poloi

250 2305 388 2356 Phoebum
401 2319 547 2355 moramur.
576 2302 672 2355 Reddo
682 2305 737 2355 iam
747 2302 848 2355 mundo
859 2303 941 2354 diem.

356 2471 526 2518 CHOEUS
549 2470 827 2519 Artemiten.

247 2584 331 2628 Chorus
341 2602 352 2627 e
361 2586 491 2630 mulieribus
501 2585 595 2641 Argivis
604 2599 642 2628 seu
650 2583 783 2642 Mycenaeis
792 2588 1008 2646 excelsamscrtu-

189 2655 243 2683 nam
252 2640 352 2696 pueritie
361 2642 507 2691 instabilem,
522 2639 630 2692 nnciam,
640 2641 747 2698 penicillis
757 2643 883 2686 obnoxiam
889 2660 897 2692 ,·
909 2647 1008 2689 medic».

189 2709 249 2738 crem
260 2696 336 2752 itaque
342 2695 379 2739 iul
383 2696 498 2755 praefert.

249 2787 272 2836 0
284 2801 430 2853 regnorum
443 2790 547 2854 magnis
558 2788 640 2839 fallax
