2150 3125
316 230 509 284 ocrsvlu.
536 233 614 284 ACT.
626 235 646 284 l.
826 236 877 289 289

73 335 251 401 Animumque
263 333 362 386 donnini
373 334 476 387 famule
488 337 609 403 possedit
619 337 674 401 diu,

74 406 133 454 lam
143 404 242 454 metuit
251 403 355 456 endem.
375 418 450 456 ocr.
467 405 571 474 Nempe
587 407 738 474 preeletsm
748 409 797 459 sibi

74 473 206 524 Subiecta
217 478 246 523 et
255 471 375 538 humilis3
388 481 469 543 atque
480 483 655 529 monuments
664 479 767 529 extruit
825 478 875 529 1⁹5

74 543 179 604 Quibus
189 543 316 594 timorem
326 542 400 596 insse
405 550 523 597 testetur
533 559 619 598 suum.

73 627 91 662 s
99 626 118 662 u
125 626 143 661 r
150 627 177 663 n.
187 612 225 663 Et
235 610 305 664 hunc
316 613 382 666 levis
392 613 528 684 fallaxque
539 617 671 668 destituet
680 616 747 669 deus

72 682 193 734 Volucer
204 683 317 749 Cupido.
330 681 372 734 Sit
381 683 444 735 licet
456 683 546 736 forms
556 688 676 738 eminens

71 752 178 817 Opibus
189 753 319 819 superbe:
330 753 459 822 goudium
470 756 560 821 capiet
570 755 661 808 breve.

70 823 161 872 Passa
173 826 216 872 est
226 821 325 874 sindles
335 823 396 889 ipse
406 822 514 876 dolores
825 828 875 877 2⁰⁰

70 891 177 958 Regina
186 890 275 952 deum,

71 963 142 1012 Cum
154 976 183 1013 se
192 958 295 1012 formes
304 962 386 1012 vertit
396 962 424 1012 in
435 975 529 1014 omnes

70 1029 205 1080 Dominus
216 1030 287 1082 coeli
297 1030 439 1100 dirumque
450 1036 537 1098 peter.

71 1101 111 1151 Et
119 1100 201 1151 modo
212 1115 314 1167 pennus
324 1103 420 1152 sumsit
431 1099 522 1166 olom,

70 1168 158 1221 Modo
169 1168 272 1221 Sidonii
284 1185 387 1222 cornus
395 1170 476 1233 tauri,

71 1242 178 1291 Aureus
187 1239 259 1292 idem
269 1238 348 1291 fluxit
357 1243 385 1290 in
394 1240 482 1292 imbri.

75 1309 193 1376 Fulgent
203 1310 280 1361 coeio
292 1309 382 1360 sidere
392 1309 500 1372 Ledse3

72 1379 167 1430 Patrio
179 1378 280 1431 residet
290 1377 414 1430 Bacchus
425 1378 557 1446 Olymp03

68 1450 147 1500 Deus
159 1448 265 1499 Alcides
276 1448 398 1514 possidet
409 1448 514 1511 Hebem

69 1517 129 1572 Nec
141 1518 250 1571 lunonis
259 1520 313 1569 iem
324 1519 402 1570 timet
411 1519 475 1581 irus,

69 1591 153 1641 Cuius
163 1604 248 1657 gener
257 1593 312 1651 est,
323 1590 368 1656 qui
378 1587 431 1639 init
440 1585 533 1641 hostin

68 1659 147 1711 Vicit
155 1660 264 1726 sepiens
275 1664 368 1711 temen
378 1656 536 1725 obsequium

69 1730 156 1779 Coniu
176 1731 198 1781 's
209 1728 280 1780 ultce
291 1738 454 1795 pressusque
464 1727 554 1779 dolore

68 1796 136 1849 Sola
173 1804 300 1849 ouantem
311 1803 388 1865 tenetv
397 1793 519 1851 aetherio

68 1866 173 1919 Secura
183 1874 245 1919 toro
254 1868 372 1919 maxime
380 1866 460 1935 luncp

66 1936 128 1989 Nec
137 1936 246 1989 mortali
257 1942 354 2004 ceptus
362 1932 451 1987 forme

67 2008 180 2059 Deserit
191 2007 273 2059 ultum
284 2007 386 2073 iupiter
397 2006 495 2057 sulem.

67 2078 112 2129 Tu
124 2092 245 2146 quoque,
257 2076 337 2127 terris
347 2075 433 2127 altere
444 2076 521 2135 luno,

67 2147 154 2199 Soror
163 2148 276 2214 Augusti
287 2146 447 2213 coniuxque,
457 2158 555 2213 graves

67 2216 155 2269 Vince
167 2214 287 2268 dolores!
819 2216 869 2263 220
891 2266 903 2281 Ρ
952 2210 1018 2279 ’χ’

26 2324 31 2333 .
68 2300 143 2337 ocr.
158 2287 307 2353 Iungentur
317 2289 380 2336 ente
391 2298 473 2336 scere
483 2279 617 2334 sideribus
628 2266 736 2342 iretmi
751 2283 820 2347 fi„
847 2288 884 2345 c„
900 2277 925 2307 Ψ

66 2356 104 2407 Et
114 2356 183 2424 ignis
195 2355 296 2416 undae,
308 2354 426 2405 Tartaro
436 2352 507 2403 tristi
519 2351 606 2418 polus,

67 2426 130 2476 Lux
141 2425 212 2475 elme
222 2424 355 2486 tenebris,
367 2423 492 2475 roscidae
503 2422 578 2472 nocti
590 2420 658 2484 dies,

68 2496 158 2557 Quam
169 2510 230 2545 cum
240 2493 348 2545 scelesti
361 2493 481 2560 coniugis
492 2496 583 2541 mente
593 2491 677 2557 impio

66 2566 147 2615 Mens
157 2570 266 2624 nostra,
277 2578 384 2629 semper
395 2562 487 2612 fratris
497 2560 611 2613 extincti
620 2573 730 2610 memor.
816 2558 866 2609 22⁵

65 2634 175 2686 Utinam
185 2631 299 2686 nefandi·
305 2632 437 2700 Principis
448 2630 535 2681 dirum
548 2634 631 2695 caput

66 2704 190 2756 obruere
200 2701 316 2755 demnis
328 2702 459 2754 coelitum
469 2704 563 2751 rector
573 2705 661 2765 paret,

66 2774 121 2837 Qui
131 2786 215 2839 saepe
225 2781 314 2823 terres
324 2768 435 2823 frumine
445 2767 546 2819 infesto
558 2769 655 2835 quatit,
