2150 3125
188 284 220 333 12
374 279 407 330 L.
426 278 582 330 ammam
601 276 794 331 dunecan

185 431 187 440 ,
249 385 318 447 Quid
330 382 437 434 stabula
447 398 595 435 memorem
606 382 665 433 dire
673 382 791 433 Bistonii
799 382 904 449 gregis,

247 452 362 522 Suisque
371 467 465 521 regem
475 452 604 519 pabulum
614 452 744 503 armentis
754 450 866 503 dammi

247 522 416 590 Solitumque
427 521 517 573 densis
527 520 664 589 hispidum
675 518 837 587 Erymanthi
847 522 919 587 iugis

246 593 363 644 Arcadia
374 598 486 660 quatere
497 606 610 643 nemora
619 590 785 643 Maenalium
794 588 888 642 sueml

188 665 238 716 280
249 664 425 729 Taurumque
436 666 545 712 centum
555 675 610 713 non
620 660 707 728 lovem
717 660 826 728 populis
835 658 960 719 memmi

247 734 321 784 lnter
331 737 453 782 remotos
463 732 552 799 gentis
563 731 622 781 Hes
642 731 716 783 eriae
728 745 827 799 greges

247 803 347 853 Pastor
358 799 489 852 triformis
499 798 600 851 littoris
636 800 745 851 artessii

247 872 404 933 Peremtus,
416 875 481 922 acta
491 875 534 921 est
545 869 648 936 praeda
657 869 691 921 ab
703 884 804 921 occasu
813 867 924 931 ultimo;

247 940 349 993 Notum
360 938 506 992 Cithaeron
517 940 594 1007 pavit
604 939 715 992 Oceano
725 954 818 1006 pecus.

188 1013 237 1064 235
248 1011 398 1063 Penetrare
407 1010 498 1061 iussus
508 1010 574 1060 solis
585 1010 681 1061 aestivi
693 1009 801 1077 plagas,

247 1082 284 1132 Et
294 1080 392 1132 adusta
402 1078 507 1133 medius
518 1094 604 1147 regna
614 1094 684 1148 quae
694 1086 784 1132 torret
791 1078 862 1141 dies,

248 1151 387 1218 Utrimque
398 1154 506 1202 montes
517 1148 610 1212 solvite
621 1148 738 1216 abrupto
750 1149 838 1200 obiice

248 1221 348 1271 iratam
358 1220 449 1271 ruenti
459 1218 525 1270 iecit
536 1218 648 1271 Oceano
659 1220 739 1269 viam

247 1290 315 1341 Post
325 1287 406 1352 haec,
419 1289 533 1341 adortus
543 1289 661 1340 nemoris
673 1288 794 1355 opulenti
803 1288 914 1351 domos,

188 1365 237 1413 24⁰
247 1357 373 1410 Auriiem
383 1358 471 1427 vigilis
482 1358 571 1425 spolia
579 1360 714 1426 serpentis
725 1357 795 1409 tulit

248 1426 336 1492 Quidi
346 1442 429 1480 saeva
440 1428 548 1479 Lernae
559 1434 690 1490 monstra,
702 1442 874 1480 numerosum
880 1429 1005 1494 malum,

247 1498 308 1551 Non
318 1498 382 1568 igue
393 1498 502 1550 demum
512 1499 578 1549 vicit
588 1503 617 1549 et
626 1497 719 1549 docuit
729 1496 816 1549 morli

247 1567 348 1621 Solitas
368 1583 402 1620 ue
414 1569 508 1637 pennis
520 1568 638 1621 condere
650 1568 777 1620 obductis
790 1569 861 1620 diem

247 1639 331 1691 Petiit
341 1653 358 1689 a
386 1639 452 1706 ipsis
463 1638 579 1689 nubibus
591 1635 812 1706 Stymphalidasi

188 1710 237 1760 245
251 1707 311 1759 Non
322 1709 387 1759 vicit
396 1708 471 1759 illum
482 1707 593 1760 caelibis
604 1723 712 1776 semper
722 1709 777 1761 tori

247 1779 352 1846 Regina
361 1779 451 1846 gentis
461 1777 544 1829 vidua
554 1777 800 1831 Thermodontiae:

248 1847 305 1900 Nec
317 1846 352 1898 ad
363 1863 442 1898 omne
453 1847 557 1899 clerum
567 1847 673 1900 facinus
684 1848 803 1901 audaces
814 1863 910 1899 manus

249 1915 368 1968 Stabulis
380 1916 484 1986 fugavit
494 1919 582 1985 turpis
592 1919 695 1986 Augise
706 1919 793 1970 labor.

250 1986 321 2050 Quid
330 1987 385 2038 ista
394 1985 526 2056 prosunti
545 1986 619 2039 Orbe
631 1987 744 2041 defenso
756 1992 840 2039 earet.

188 2056 238 2108 250
250 2054 366 2108 Sensere
376 2062 467 2109 terrae
477 2058 555 2124 pacis
565 2064 706 2109 auctorem
717 2072 783 2108 suae

249 2126 350 2178 Abesse
360 2127 448 2178 terris.
485 2125 651 2193 Prosperum
663 2143 695 2179 ac
706 2126 773 2178 felix
783 2126 872 2179 scelus

250 2196 342 2249 Virtus
353 2202 482 2261 vocatur3
492 2196 617 2248 sontibus
628 2203 726 2263 parent
735 2197 815 2261 boni3

248 2267 292 2316 lus
305 2267 384 2317 estin
396 2267 493 2328 annis,
505 2267 633 2333 opprimit
642 2265 717 2336 leges
727 2267 818 2319 timor.

247 2336 316 2386 Ante
327 2351 376 2387 ora
386 2335 440 2388 vidi
449 2342 545 2387 nostra
556 2335 712 2388 truculento
720 2351 802 2389 manu

189 2404 239 2455 255
252 2403 357 2457 (imatos
368 2406 474 2472 paterni
485 2405 584 2457 cadere
595 2406 672 2474 regni
681 2407 817 2469 vindices,

248 2475 391 2542 Ipsumque
404 2474 497 2527 Cadmi
508 2474 606 2527 nobilis
617 2475 729 2544 stirpem
739 2476 862 2526 ultimam

248 2543 382 2596 Occidere
393 2563 400 2608 3
412 2543 466 2595 vidi
477 2545 581 2612 regium
594 2546 692 2612 capitis
703 2547 786 2596 decus

249 2614 316 2665 Cum
328 2614 417 2680 capite
427 2620 545 2680 raptum.
582 2615 649 2676 Quis
660 2616 727 2666 satis
739 2612 849 2665 Thebas
860 2611 944 2662 fleat!

247 2683 338 2734 Fer-ax
348 2683 460 2733 deorum
471 2689 560 2745 terra,
572 2698 652 2750 quem
664 2684 800 2734 dominum
812 2683 920 2742 tremis,

190 2751 239 2803 mo
250 2751 274 2804 ll
285 2752 362 2803 euius
374 2751 445 2802 arvis
456 2765 524 2818 eque
535 2751 672 2802 foecundo
683 2753 743 2802 sinu

248 2820 351 2872 Strioto
362 2822 487 2872 iuventus
498 2827 561 2871 orta
571 2836 632 2871 cum
643 2821 717 2871 ferro
729 2824 818 2879 stetin
