2150 3125
200 247 425 300 Heliconos
445 249 648 302 oeneus.
685 253 772 303 ACT.
791 255 811 303 1.
852 255 902 306 2113

99 353 122 403 0
135 359 237 422 quanta
246 351 305 404 fudi
316 361 449 416 monstra,
461 370 530 422 quae
542 355 629 406 nullus
640 354 703 407 mibi

95 422 321 490 Reximperaritl
343 424 444 474 Institit
453 427 539 475 virtus
550 423 614 475 mihi

95 495 200 544 lunone
210 494 296 560 peior.
333 492 387 545 Sed
398 494 461 562 quid
472 495 636 560 impavidum
647 510 733 563 genus

95 562 208 614 Fecisse
220 562 350 630 prodest?
369 580 422 615 non
434 562 536 616 habent
547 579 642 630 pacem
655 564 710 617 dei:

95 632 220 700 Purgata
230 633 310 684 tellus
321 635 407 684 omnis
416 635 444 684 in
457 635 535 685 coelo
546 634 629 697 videt,

95 701 285 770 Quodcunque
295 705 397 754 timuit:
408 704 548 755 transtulit
558 705 626 755 luno
637 703 719 755 feras.

95 773 189 823 Ambit
198 779 336 839 peremtus
348 776 452 825 Cancer
462 773 603 826 ardentem
615 774 732 842 plagam,

96 841 258 909 Libyaeque
269 842 342 894 sidus
354 841 456 905 fertur,
471 851 499 894 et
510 859 613 895 messes
625 844 679 894 alit.

98 913 201 962 Annum
212 911 337 980 fugacem
347 912 432 964 tradit
442 915 573 966 Astraeae
582 913 643 978 1003

96 983 131 1032 nt
140 983 213 1048 ipse,
222 983 328 1033 iactans
337 982 469 1034 fervidam
480 983 557 1036 coelo
568 984 669 1046 iubam,

96 1053 225 1102 Austrum
235 1051 388 1105 madentem
400 1054 500 1116 siccat,
512 1059 541 1104 et
549 1054 656 1104 nimbos
667 1054 746 1120 rapit.

96 1122 201 1172 Invasit
212 1124 298 1172 omnis
311 1123 387 1174 eccel
407 1124 460 1173 iam
473 1123 579 1174 coelum
589 1122 658 1185 fera,

97 1191 200 1258 Meque
210 1194 364 1243 antecessit.
401 1193 497 1244 Victor
510 1209 525 1244 e
535 1194 616 1243 terris
627 1207 704 1244 meos

99 1259 202 1327 Specto
213 1261 330 1314 labores.
359 1263 440 1314 Astra
450 1265 584 1329 portentis
596 1264 670 1329 prius

97 1330 228 1398 Ferisque
238 1331 307 1383 luno
317 1332 425 1382 tribuit:
436 1338 467 1382 ut
478 1332 583 1382 coelum
593 1330 657 1382 mihi

98 1400 217 1452 Faceret
227 1402 383 1453 timendum.
413 1400 550 1468 Sparserit
560 1402 689 1453 mundum
700 1404 774 1466 licet,

100 1469 265 1538 Coelumque
276 1473 356 1522 terris
366 1472 443 1539 peius
455 1487 487 1522 ac
495 1472 572 1538 peius
584 1470 671 1539 Styge

98 1540 175 1592 Irata
184 1540 281 1593 faciat:
294 1540 402 1594 dabitur
412 1541 522 1594 Alcidae
532 1541 617 1594 locus.

99 1609 129 1662 Si
140 1617 203 1679 post
214 1610 298 1673 ieras,
311 1618 373 1678 post
383 1611 468 1674 bella,
478 1619 541 1679 post
550 1611 675 1681 Stygium
687 1628 791 1677 canem,
820 1610 823 1613 ’

98 1679 224 1732 Nondum
237 1688 311 1733 astra
321 1684 419 1732 meruit
431 1680 537 1734 Siculus
547 1682 711 1749 Hesperium
722 1683 793 1734 latus

23 1756 26 1761 “
98 1752 209 1818 Tangat
220 1751 347 1817 Pelorus3
358 1767 413 1803 una
423 1754 477 1802 iam
489 1752 569 1802 tellus
579 1754 643 1802 erit:

96 1819 173 1872 lllinc
182 1818 285 1889 fugabo
297 1823 391 1873 maria.
421 1820 450 1873 Si
459 1822 534 1888 iungi
543 1821 635 1872 iubes:

97 1892 256 1943 committat
266 1892 352 1942 undae
364 1890 495 1953 Isthmos,
507 1896 535 1942 et
544 1891 637 1941 iuncto
652 1891 710 1942 salo

95 1960 174 2013 Nova
185 1959 308 2013 ferantur
318 1961 424 2012 Atticae
436 1975 540 2027 puppes
551 1962 603 2011 rie.

95 2032 219 2083 Mutetur
230 2031 317 2083 orbis:
328 2031 442 2082 vallibus
456 2036 549 2081 currat
559 2030 636 2081 novis

96 2103 180 2162 letor,
192 2116 331 2169 novasque
342 2102 444 2151 Tanais
455 2100 574 2166 accipiat
584 2101 649 2151 vias.

96 2172 154 2232 Da,
167 2171 202 2222 da
213 2171 343 2233 tuendos,
356 2172 471 2237 iupiter,
484 2170 580 2221 saltem
593 2169 671 2221 deos!

97 2241 146 2292 llla
155 2241 248 2293 licebit
259 2240 359 2291 fulmen
372 2246 476 2307 aparte
488 2238 606 2302 auferas,

96 2312 156 2378 Ego
168 2327 248 2378 quam
259 2311 365 2361 tuebor.
396 2309 457 2361 Sive
469 2309 609 2378 glacialem
621 2309 721 2375 polum,

98 2378 152 2431 Seu
164 2396 207 2433 me
218 2382 288 2431 tueri
299 2380 430 2431 fervidam
443 2386 548 2447 partem
558 2378 648 2429 iubes:

98 2450 158 2499 llac
169 2465 229 2501 esse
241 2449 361 2516 Superos
370 2455 448 2517 parte
459 2465 570 2500 securos
580 2455 653 2514 puta.

99 2518 228 2572 Cirrhaea
239 2519 331 2570 Paean
342 2520 445 2587 templa
454 2524 482 2569 et
492 2516 641 2569 aetheriam
653 2518 762 2567 domum

99 2587 232 2656 Serpente
245 2605 325 2641 caeso
337 2592 449 2654 meruit3
461 2594 491 2639 at
501 2590 608 2656 quoties
618 2588 691 2639 iacet

98 2657 208 2725 Python
219 2660 245 2710 in
257 2658 364 2725 hydral
384 2656 510 2711 Bacchus
522 2663 551 2708 et
559 2657 677 2709 Perseus
689 2657 746 2708 deis

99 2729 156 2779 lam
168 2744 198 2781 se
208 2730 338 2795 intulere;
350 2730 397 2781 sed
411 2734 495 2798 quota
506 2734 549 2779 cst
558 2728 651 2778 mundi
661 2728 743 2795 plaga

100 2800 198 2851 Oriens
209 2796 354 2863 subactus,
364 2806 411 2850 aut
422 2804 507 2867 quota
518 2805 560 2850 est
571 2798 683 2867 Gorgon
694 2796 770 2849 ferat
