<?xml version="1.0" encoding="UTF-8"?>
<!DOCTYPE html PUBLIC "-//W3C//DTD XHTML 1.0 Transitional//EN"
    "http://www.w3.org/TR/xhtml1/DTD/xhtml1-transitional.dtd">
<html xmlns="http://www.w3.org/1999/xhtml" xml:lang="en" lang="en">
 <head>
  <title>
</title>
<meta http-equiv="Content-Type" content="text/html;charset=utf-8" />
  <meta name='ocr-system' content='tesseract 3.04.00' />
  <meta name='ocr-capabilities' content='ocr_page ocr_carea ocr_par ocr_line ocrx_word'/>
</head>
<body>
  <div class='ocr_page' id='page_1' title='image "./lannaeisenecaet05senegoog_0341.png"; bbox 0 0 2150 3125; ppageno 0'>
   <div class='ocr_carea' id='block_1_1' title="bbox 159 180 882 245">
    <p class='ocr_par' dir='ltr' id='par_1_1' title="bbox 159 180 882 245">
     <span class='ocr_line' id='line_1_1' title="bbox 159 180 882 245; baseline 0.018 -13"><span class='ocrx_word' id='word_1_1' title='bbox 159 180 383 234; x_wconf 81' lang='lat' dir='ltr'>HERCULES</span> <span class='ocrx_word' id='word_1_2' title='bbox 414 182 617 237; x_wconf 81' lang='lat' dir='ltr'><strong>OE&#39;I&#39;AEUS.</strong></span> <span class='ocrx_word' id='word_1_3' title='bbox 644 189 797 243; x_wconf 84' lang='lat' dir='ltr'><strong>Ac&#39;r.1v.</strong></span> <span class='ocrx_word' id='word_1_4' title='bbox 832 192 882 245; x_wconf 74' lang='lat'><strong>33⁴1</strong></span> 
     </span>
    </p>
   </div>
   <div class='ocr_carea' id='block_1_2' title="bbox 77 285 882 2850">
    <p class='ocr_par' dir='ltr' id='par_1_2' title="bbox 77 285 882 2850">
     <span class='ocr_line' id='line_1_2' title="bbox 79 285 516 355; baseline 0 -17"><span class='ocrx_word' id='word_1_5' title='bbox 79 285 189 338; x_wconf 81' lang='lat' dir='ltr'><strong>Facerit</strong></span> <span class='ocrx_word' id='word_1_6' title='bbox 198 285 280 337; x_wconf 87' lang='lat' dir='ltr'><strong>silvas</strong></span> <span class='ocrx_word' id='word_1_7' title='bbox 292 301 358 353; x_wconf 80' lang='lat' dir='ltr'><strong>aper</strong></span> <span class='ocrx_word' id='word_1_8' title='bbox 367 287 516 355; x_wconf 82' lang='lat' dir='ltr'><strong>inquietas3</strong></span> 
     </span>
     <span class='ocr_line' id='line_1_3' title="bbox 79 354 612 424; baseline 0.009 -18"><span class='ocrx_word' id='word_1_9' title='bbox 79 355 215 408; x_wconf 80' lang='lat' dir='ltr'>Thraciae</span> <span class='ocrx_word' id='word_1_10' title='bbox 226 357 248 406; x_wconf 88' lang='lat' dir='ltr'><strong>si</strong></span> <span class='ocrx_word' id='word_1_11' title='bbox 262 357 321 423; x_wconf 88' lang='lat' dir='ltr'><strong>quis</strong></span> <span class='ocrx_word' id='word_1_12' title='bbox 330 354 477 424; x_wconf 81' lang='lat' dir='ltr'><strong>Rhodopes</strong></span> <span class='ocrx_word' id='word_1_13' title='bbox 488 355 612 411; x_wconf 83' lang='lat' dir='ltr'><strong>alumnus</strong></span> 
     </span>
     <span class='ocr_line' id='line_1_4' title="bbox 77 424 882 488; baseline 0 -12"><span class='ocrx_word' id='word_1_14' title='bbox 77 427 180 476; x_wconf 87' lang='lat' dir='ltr'><strong>Durior</strong></span> <span class='ocrx_word' id='word_1_15' title='bbox 189 427 270 477; x_wconf 84' lang='lat' dir='ltr'><strong>torris</strong></span> <span class='ocrx_word' id='word_1_16' title='bbox 280 424 391 476; x_wconf 87' lang='lat' dir='ltr'><strong>llelices</strong></span> <span class='ocrx_word' id='word_1_17' title='bbox 402 427 512 477; x_wconf 81' lang='lat' dir='ltr'><strong>nivosae</strong></span> <span class='ocrx_word' id='word_1_18' title='bbox 814 438 882 488; x_wconf 73' lang='lat'><strong>1540</strong></span> 
     </span>
     <span class='ocr_line' id='line_1_5' title="bbox 77 493 579 547; baseline -0.002 0"><span class='ocrx_word' id='word_1_19' title='bbox 77 496 179 547; x_wconf 82' lang='lat' dir='ltr'><strong>Pascet</strong></span> <span class='ocrx_word' id='word_1_20' title='bbox 189 493 307 545; x_wconf 88' lang='lat' dir='ltr'><strong>humano</strong></span> <span class='ocrx_word' id='word_1_21' title='bbox 318 494 453 546; x_wconf 77' lang='lat' dir='ltr'><strong>stabulum</strong></span> <span class='ocrx_word' id='word_1_22' title='bbox 465 496 579 546; x_wconf 86' lang='lat' dir='ltr'><strong>cruorcl</strong></span> 
     </span>
     <span class='ocr_line' id='line_1_6' title="bbox 79 564 577 632; baseline 0.002 -17"><span class='ocrx_word' id='word_1_23' title='bbox 79 566 147 627; x_wconf 74' lang='lat' dir='ltr'><strong>Quis</strong></span> <span class='ocrx_word' id='word_1_24' title='bbox 156 564 233 615; x_wconf 91' lang='lat' dir='ltr'><strong>dabit</strong></span> <span class='ocrx_word' id='word_1_25' title='bbox 242 578 338 632; x_wconf 83' lang='lat' dir='ltr'><strong>pacem</strong></span> <span class='ocrx_word' id='word_1_26' title='bbox 350 564 451 632; x_wconf 85' lang='lat' dir='ltr'><strong>populo</strong></span> <span class='ocrx_word' id='word_1_27' title='bbox 462 567 577 629; x_wconf 82' lang='lat' dir='ltr'><strong>timenti,</strong></span> 
     </span>
     <span class='ocr_line' id='line_1_7' title="bbox 78 631 515 754; baseline 0 -68"><span class='ocrx_word' id='word_1_28' title='bbox 78 634 106 686; x_wconf 88' lang='lat' dir='ltr'><strong>Si</strong></span> <span class='ocrx_word' id='word_1_29' title='bbox 119 634 182 702; x_wconf 86' lang='lat' dir='ltr'><strong>qnid</strong></span> <span class='ocrx_word' id='word_1_30' title='bbox 193 635 255 686; x_wconf 85' lang='lat' dir='ltr'><strong>irati</strong></span> <span class='ocrx_word' id='word_1_31' title='bbox 267 631 363 754; x_wconf 55' lang='lat' dir='ltr'><strong>Superi</strong></span> <span class='ocrx_word' id='word_1_32' title='bbox 374 650 424 702; x_wconf 81' lang='lat' dir='ltr'><strong>per</strong></span> <span class='ocrx_word' id='word_1_33' title='bbox 434 635 515 686; x_wconf 83' lang='lat' dir='ltr'><strong>urbes</strong></span> 
     </span>
     <span class='ocr_line' id='line_1_8' title="bbox 79 704 611 771; baseline 0.002 -16"><span class='ocrx_word' id='word_1_34' title='bbox 79 704 295 756; x_wconf 83' lang='lat' dir='ltr'><strong>lossenntnasci</strong></span> <span class='ocrx_word' id='word_1_35' title='bbox 331 705 405 756; x_wconf 90' lang='lat' dir='ltr'><strong>iacet</strong></span> <span class='ocrx_word' id='word_1_36' title='bbox 415 705 541 756; x_wconf 84' lang='lat' dir='ltr'><strong>omnibus</strong></span> <span class='ocrx_word' id='word_1_37' title='bbox 552 719 611 771; x_wconf 86' lang='lat' dir='ltr'><strong>par,</strong></span> 
     </span>
     <span class='ocr_line' id='line_1_9' title="bbox 80 773 606 841; baseline 0.004 -17"><span class='ocrx_word' id='word_1_38' title='bbox 80 774 166 836; x_wconf 77' lang='lat' dir='ltr'><strong>Quem</strong></span> <span class='ocrx_word' id='word_1_39' title='bbox 178 788 270 840; x_wconf 82' lang='lat' dir='ltr'><strong>parem</strong></span> <span class='ocrx_word' id='word_1_40' title='bbox 281 773 361 824; x_wconf 85' lang='lat' dir='ltr'><strong>tellus</strong></span> <span class='ocrx_word' id='word_1_41' title='bbox 372 775 467 841; x_wconf 82' lang='lat' dir='ltr'><strong>genuit</strong></span> <span class='ocrx_word' id='word_1_42' title='bbox 478 776 606 826; x_wconf 77' lang='lat' dir='ltr'><strong>Tonanti.</strong></span> 
     </span>
     <span class='ocr_line' id='line_1_10' title="bbox 78 843 646 911; baseline 0.009 -17"><span class='ocrx_word' id='word_1_43' title='bbox 78 844 208 895; x_wconf 75' lang='lat' dir='ltr'>Planctus</span> <span class='ocrx_word' id='word_1_44' title='bbox 218 843 363 894; x_wconf 85' lang='lat' dir='ltr'><strong>immensas</strong></span> <span class='ocrx_word' id='word_1_45' title='bbox 375 849 485 894; x_wconf 78' lang='lat' dir='ltr'><strong>resonet</strong></span> <span class='ocrx_word' id='word_1_46' title='bbox 495 860 545 911; x_wconf 81' lang='lat' dir='ltr'><strong>per</strong></span> <span class='ocrx_word' id='word_1_47' title='bbox 555 845 646 908; x_wconf 86' lang='lat' dir='ltr'><strong>urbes.</strong></span> 
     </span>
     <span class='ocr_line' id='line_1_11' title="bbox 77 911 563 976; baseline 0.002 -12"><span class='ocrx_word' id='word_1_48' title='bbox 77 913 128 975; x_wconf 83' lang='lat' dir='ltr'><strong>Et,</strong></span> <span class='ocrx_word' id='word_1_49' title='bbox 139 927 232 964; x_wconf 83' lang='lat' dir='ltr'><strong>comas</strong></span> <span class='ocrx_word' id='word_1_50' title='bbox 242 912 314 963; x_wconf 81' lang='lat' dir='ltr'><strong>nrrllo</strong></span> <span class='ocrx_word' id='word_1_51' title='bbox 326 911 469 965; x_wconf 75' lang='lat' dir='ltr'><strong>cohibente</strong></span> <span class='ocrx_word' id='word_1_52' title='bbox 480 912 563 976; x_wconf 91' lang='lat' dir='ltr'><strong>nodo,</strong></span> 
     </span>
     <span class='ocr_line' id='line_1_12' title="bbox 77 981 583 1046; baseline 0.002 -12"><span class='ocrx_word' id='word_1_53' title='bbox 77 984 209 1034; x_wconf 76' lang='lat' dir='ltr'><strong>Feminae</strong></span> <span class='ocrx_word' id='word_1_54' title='bbox 220 987 329 1033; x_wconf 86' lang='lat' dir='ltr'><strong>exertos</strong></span> <span class='ocrx_word' id='word_1_55' title='bbox 340 981 440 1034; x_wconf 86' lang='lat' dir='ltr'><strong>feriant</strong></span> <span class='ocrx_word' id='word_1_56' title='bbox 449 982 583 1046; x_wconf 81' lang='lat' dir='ltr'><strong>lacertos3</strong></span> 
     </span>
     <span class='ocr_line' id='line_1_13' title="bbox 77 1050 597 1120; baseline 0.006 -17"><span class='ocrx_word' id='word_1_57' title='bbox 77 1051 211 1120; x_wconf 78' lang='lat' dir='ltr'><strong>Solaque,</strong></span> <span class='ocrx_word' id='word_1_58' title='bbox 223 1050 349 1103; x_wconf 86' lang='lat' dir='ltr'><strong>obductis</strong></span> <span class='ocrx_word' id='word_1_59' title='bbox 359 1051 464 1103; x_wconf 77' lang='lat' dir='ltr'><strong>foribus</strong></span> <span class='ocrx_word' id='word_1_60' title='bbox 475 1053 597 1117; x_wconf 86' lang='lat' dir='ltr'><strong>deorum,</strong></span> 
     </span>
     <span class='ocr_line' id='line_1_14' title="bbox 78 1122 584 1188; baseline 0.004 -16"><span class='ocrx_word' id='word_1_61' title='bbox 78 1122 196 1188; x_wconf 83' lang='lat' dir='ltr'><strong>Templa</strong></span> <span class='ocrx_word' id='word_1_62' title='bbox 205 1135 317 1173; x_wconf 86' lang='lat' dir='ltr'><strong>securae</strong></span> <span class='ocrx_word' id='word_1_63' title='bbox 327 1127 440 1188; x_wconf 86' lang='lat' dir='ltr'><strong>pateant</strong></span> <span class='ocrx_word' id='word_1_64' title='bbox 449 1138 584 1176; x_wconf 79' lang='lat' dir='ltr'><strong>novercae</strong></span> 
     </span>
     <span class='ocr_line' id='line_1_15' title="bbox 78 1187 616 1261; baseline 0.004 -17"><span class='ocrx_word' id='word_1_65' title='bbox 78 1190 166 1244; x_wconf 84' lang='lat' dir='ltr'><strong>Vadis</strong></span> <span class='ocrx_word' id='word_1_66' title='bbox 177 1190 212 1241; x_wconf 86' lang='lat' dir='ltr'><strong>ad</strong></span> <span class='ocrx_word' id='word_1_67' title='bbox 222 1187 328 1242; x_wconf 82' lang='lat' dir='ltr'><strong>Lethen</strong></span> <span class='ocrx_word' id='word_1_68' title='bbox 340 1189 521 1261; x_wconf 82' lang='lat' dir='ltr'><strong>Stygiumque</strong></span> <span class='ocrx_word' id='word_1_69' title='bbox 531 1192 616 1259; x_wconf 78' lang='lat' dir='ltr'><strong>bitus,</strong></span> 
     </span>
     <span class='ocr_line' id='line_1_16' title="bbox 79 1259 560 1327; baseline 0.002 -14"><span class='ocrx_word' id='word_1_70' title='bbox 79 1260 158 1313; x_wconf 85' lang='lat' dir='ltr'><strong>Unde</strong></span> <span class='ocrx_word' id='word_1_71' title='bbox 164 1265 195 1312; x_wconf 92' lang='lat' dir='ltr'><strong>&#39;te</strong></span> <span class='ocrx_word' id='word_1_72' title='bbox 206 1259 295 1311; x_wconf 89' lang='lat' dir='ltr'><strong>nullae</strong></span> <span class='ocrx_word' id='word_1_73' title='bbox 306 1260 426 1314; x_wconf 78' lang='lat' dir='ltr'><strong>referent</strong></span> <span class='ocrx_word' id='word_1_74' title='bbox 436 1263 560 1327; x_wconf 78' lang='lat' dir='ltr'><strong>carinae3</strong></span> 
     </span>
     <span class='ocr_line' id='line_1_17' title="bbox 80 1329 594 1395; baseline 0.002 -13"><span class='ocrx_word' id='word_1_75' title='bbox 80 1330 167 1382; x_wconf 86' lang='lat' dir='ltr'><strong>Vadis</strong></span> <span class='ocrx_word' id='word_1_76' title='bbox 178 1329 212 1381; x_wconf 93' lang='lat' dir='ltr'><strong>ad</strong></span> <span class='ocrx_word' id='word_1_77' title='bbox 222 1330 319 1382; x_wconf 88' lang='lat' dir='ltr'><strong>Manes</strong></span> <span class='ocrx_word' id='word_1_78' title='bbox 329 1331 512 1395; x_wconf 87' lang='lat' dir='ltr'><strong>miserandus,</strong></span> <span class='ocrx_word' id='word_1_79' title='bbox 522 1332 594 1385; x_wconf 91' lang='lat' dir='ltr'><strong>unde</strong></span> 
     </span>
     <span class='ocr_line' id='line_1_18' title="bbox 78 1399 596 1469; baseline 0.002 -18"><span class='ocrx_word' id='word_1_80' title='bbox 78 1402 172 1452; x_wconf 86' lang='lat' dir='ltr'><strong>Morte</strong></span> <span class='ocrx_word' id='word_1_81' title='bbox 183 1400 289 1452; x_wconf 85' lang='lat' dir='ltr'><strong>devicta</strong></span> <span class='ocrx_word' id='word_1_82' title='bbox 301 1399 403 1452; x_wconf 87' lang='lat' dir='ltr'><strong>tuleras</strong></span> <span class='ocrx_word' id='word_1_83' title='bbox 413 1400 596 1469; x_wconf 71' lang='lat' dir='ltr'><strong>triumphum!</strong></span> 
     </span>
     <span class='ocr_line' id='line_1_19' title="bbox 80 1469 531 1535; baseline 0.004 -14"><span class='ocrx_word' id='word_1_84' title='bbox 80 1470 183 1522; x_wconf 90' lang='lat' dir='ltr'><strong>Umbra</strong></span> <span class='ocrx_word' id='word_1_85' title='bbox 193 1469 299 1520; x_wconf 84' lang='lat' dir='ltr'><strong>nudatis</strong></span> <span class='ocrx_word' id='word_1_86' title='bbox 310 1471 401 1523; x_wconf 83' lang='lat' dir='ltr'><strong>venies</strong></span> <span class='ocrx_word' id='word_1_87' title='bbox 412 1470 531 1535; x_wconf 83' lang='lat' dir='ltr'><strong>lacertis,</strong></span> 
     </span>
     <span class='ocr_line' id='line_1_20' title="bbox 80 1537 557 1611; baseline 0 -19"><span class='ocrx_word' id='word_1_88' title='bbox 80 1538 227 1608; x_wconf 83' lang='lat' dir='ltr'><strong>Languido</strong></span> <span class='ocrx_word' id='word_1_89' title='bbox 237 1537 321 1604; x_wconf 79' lang='lat' dir='ltr'><strong>nutu,</strong></span> <span class='ocrx_word' id='word_1_90' title='bbox 333 1541 461 1611; x_wconf 88' lang='lat' dir='ltr'><strong>tenuique</strong></span> <span class='ocrx_word' id='word_1_91' title='bbox 472 1542 557 1608; x_wconf 86' lang='lat' dir='ltr'><strong>collo;</strong></span> 
     </span>
     <span class='ocr_line' id='line_1_21' title="bbox 81 1610 591 1681; baseline 0.004 -18"><span class='ocrx_word' id='word_1_92' title='bbox 81 1612 178 1679; x_wconf 87' lang='lat' dir='ltr'><strong>Teque</strong></span> <span class='ocrx_word' id='word_1_93' title='bbox 187 1625 241 1661; x_wconf 92' lang='lat' dir='ltr'><strong>non</strong></span> <span class='ocrx_word' id='word_1_94' title='bbox 252 1610 339 1661; x_wconf 88' lang='lat' dir='ltr'><strong>solum</strong></span> <span class='ocrx_word' id='word_1_95' title='bbox 349 1610 419 1664; x_wconf 85' lang='lat' dir='ltr'><strong>ieret</strong></span> <span class='ocrx_word' id='word_1_96' title='bbox 428 1611 474 1663; x_wconf 86' lang='lat' dir='ltr'><strong>illa</strong></span> <span class='ocrx_word' id='word_1_97' title='bbox 485 1613 591 1681; x_wconf 83' lang='lat' dir='ltr'><strong>puppis.</strong></span> 
     </span>
     <span class='ocr_line' id='line_1_22' title="bbox 79 1678 599 1748; baseline 0 -14"><span class='ocrx_word' id='word_1_98' title='bbox 79 1680 143 1734; x_wconf 90' lang='lat' dir='ltr'><strong>Non</strong></span> <span class='ocrx_word' id='word_1_99' title='bbox 153 1687 244 1732; x_wconf 90' lang='lat' dir='ltr'><strong>tamen</strong></span> <span class='ocrx_word' id='word_1_100' title='bbox 256 1678 321 1732; x_wconf 83' lang='lat' dir='ltr'><strong>viles</strong></span> <span class='ocrx_word' id='word_1_101' title='bbox 332 1681 385 1732; x_wconf 90' lang='lat' dir='ltr'><strong>cris</strong></span> <span class='ocrx_word' id='word_1_102' title='bbox 393 1682 466 1733; x_wconf 90' lang='lat' dir='ltr'><strong>inter</strong></span> <span class='ocrx_word' id='word_1_103' title='bbox 475 1684 599 1748; x_wconf 83' lang='lat' dir='ltr'><strong>umbras3</strong></span> 
     </span>
     <span class='ocr_line' id='line_1_23' title="bbox 79 1750 637 1820; baseline 0 -17"><span class='ocrx_word' id='word_1_104' title='bbox 79 1753 243 1817; x_wconf 88' lang='lat' dir='ltr'><strong>Aeaconquc</strong></span> <span class='ocrx_word' id='word_1_105' title='bbox 253 1750 326 1801; x_wconf 88' lang='lat' dir='ltr'><strong>inter</strong></span> <span class='ocrx_word' id='word_1_106' title='bbox 335 1752 509 1820; x_wconf 79' lang='lat' dir='ltr'><strong>geminosque</strong></span> <span class='ocrx_word' id='word_1_107' title='bbox 521 1752 616 1805; x_wconf 78' lang='lat' dir='ltr'><strong>Gratas</strong></span> <span class='ocrx_word' id='word_1_108' title='bbox 633 1758 637 1767; x_wconf 92' lang='grc'><strong><em>’</em></strong></span> 
     </span>
     <span class='ocr_line' id='line_1_24' title="bbox 79 1818 574 1887; baseline -0.004 -14"><span class='ocrx_word' id='word_1_109' title='bbox 79 1822 170 1873; x_wconf 84' lang='lat' dir='ltr'><strong>Facta</strong></span> <span class='ocrx_word' id='word_1_110' title='bbox 180 1818 330 1882; x_wconf 88' lang='lat' dir='ltr'><strong>discernes,</strong></span> <span class='ocrx_word' id='word_1_111' title='bbox 341 1819 423 1872; x_wconf 83' lang='lat' dir='ltr'><strong>feries</strong></span> <span class='ocrx_word' id='word_1_112' title='bbox 432 1827 574 1887; x_wconf 88' lang='lat' dir='ltr'><strong>tyrannos.</strong></span> 
     </span>
     <span class='ocr_line' id='line_1_25' title="bbox 81 1888 594 1953; baseline -0.004 -10"><span class='ocrx_word' id='word_1_113' title='bbox 81 1890 206 1953; x_wconf 85' lang='lat' dir='ltr'><strong>Parcite,</strong></span> <span class='ocrx_word' id='word_1_114' title='bbox 218 1904 234 1940; x_wconf 96' lang='lat' dir='ltr'><strong>o</strong></span> <span class='ocrx_word' id='word_1_115' title='bbox 246 1888 329 1951; x_wconf 86' lang='lat' dir='ltr'><strong>dites,</strong></span> <span class='ocrx_word' id='word_1_116' title='bbox 338 1888 458 1942; x_wconf 86' lang='lat' dir='ltr'><strong>inhibete</strong></span> <span class='ocrx_word' id='word_1_117' title='bbox 470 1890 594 1941; x_wconf 79' lang='lat' dir='ltr'><strong>dextras:</strong></span> 
     </span>
     <span class='ocr_line' id='line_1_26' title="bbox 81 1958 618 2025; baseline -0.002 -13"><span class='ocrx_word' id='word_1_118' title='bbox 81 1960 187 2012; x_wconf 87' lang='lat' dir='ltr'><strong>Laudis</strong></span> <span class='ocrx_word' id='word_1_119' title='bbox 199 1964 254 2022; x_wconf 88' lang='lat' dir='ltr'><strong>est,</strong></span> <span class='ocrx_word' id='word_1_120' title='bbox 264 1974 361 2025; x_wconf 83' lang='lat' dir='ltr'><strong>pamm</strong></span> <span class='ocrx_word' id='word_1_121' title='bbox 372 1961 490 2011; x_wconf 86' lang='lat' dir='ltr'><strong>tenuisse</strong></span> <span class='ocrx_word' id='word_1_122' title='bbox 502 1958 618 2023; x_wconf 82' lang='lat' dir='ltr'><strong>ferrum3</strong></span> 
     </span>
     <span class='ocr_line' id='line_1_27' title="bbox 81 2028 655 2098; baseline 0 -16"><span class='ocrx_word' id='word_1_123' title='bbox 81 2031 208 2097; x_wconf 90' lang='lat' dir='ltr'><strong>Dumque</strong></span> <span class='ocrx_word' id='word_1_124' title='bbox 220 2029 367 2097; x_wconf 81' lang='lat' dir='ltr'><strong>regnabas,</strong></span> <span class='ocrx_word' id='word_1_125' title='bbox 378 2030 516 2081; x_wconf 91' lang='lat' dir='ltr'><strong>minimum</strong></span> <span class='ocrx_word' id='word_1_126' title='bbox 528 2028 655 2098; x_wconf 82' lang='lat' dir='ltr'><strong>procellis</strong></span> 
     </span>
     <span class='ocr_line' id='line_1_28' title="bbox 82 2098 476 2152; baseline -0.005 -1"><span class='ocrx_word' id='word_1_127' title='bbox 82 2103 113 2152; x_wconf 92' lang='lat' dir='ltr'><strong>ln</strong></span> <span class='ocrx_word' id='word_1_128' title='bbox 124 2106 186 2151; x_wconf 88' lang='lat' dir='ltr'><strong>tuas</strong></span> <span class='ocrx_word' id='word_1_129' title='bbox 196 2099 277 2151; x_wconf 89' lang='lat' dir='ltr'><strong>urbes</strong></span> <span class='ocrx_word' id='word_1_130' title='bbox 288 2098 396 2151; x_wconf 75' lang='lat' dir='ltr'><strong>licuisse</strong></span> <span class='ocrx_word' id='word_1_131' title='bbox 406 2100 476 2150; x_wconf 78' lang='lat' dir='ltr'><strong>Fati</strong></span> 
     </span>
     <span class='ocr_line' id='line_1_29' title="bbox 82 2164 599 2222; baseline 0 -1"><span class='ocrx_word' id='word_1_132' title='bbox 82 2170 130 2222; x_wconf 87' lang='lat' dir='ltr'><strong>Sin</strong></span> <span class='ocrx_word' id='word_1_133' title='bbox 142 2169 231 2220; x_wconf 90' lang='lat' dir='ltr'><strong>locum</strong></span> <span class='ocrx_word' id='word_1_134' title='bbox 241 2170 327 2219; x_wconf 83' lang='lat' dir='ltr'><strong>n&#39;rtus</strong></span> <span class='ocrx_word' id='word_1_135' title='bbox 337 2164 421 2220; x_wconf 87' lang='lat' dir='ltr'><strong>habet</strong></span> <span class='ocrx_word' id='word_1_136' title='bbox 429 2172 502 2221; x_wconf 88' lang='lat' dir='ltr'><strong>inter</strong></span> <span class='ocrx_word' id='word_1_137' title='bbox 511 2176 599 2221; x_wconf 87' lang='lat' dir='ltr'><strong>astra:</strong></span> 
     </span>
     <span class='ocr_line' id='line_1_30' title="bbox 82 2238 539 2305; baseline -0.007 -12"><span class='ocrx_word' id='word_1_138' title='bbox 82 2239 162 2293; x_wconf 86' lang='lat' dir='ltr'><strong>Sedis</strong></span> <span class='ocrx_word' id='word_1_139' title='bbox 172 2240 289 2290; x_wconf 77' lang='lat' dir='ltr'><strong>Arctoae</strong></span> <span class='ocrx_word' id='word_1_140' title='bbox 300 2238 416 2305; x_wconf 84' lang='lat' dir='ltr'><strong>spatium</strong></span> <span class='ocrx_word' id='word_1_141' title='bbox 426 2239 539 2303; x_wconf 87' lang='lat' dir='ltr'><strong>tenebis,</strong></span> 
     </span>
     <span class='ocr_line' id='line_1_31' title="bbox 82 2308 616 2377; baseline -0.004 -16"><span class='ocrx_word' id='word_1_142' title='bbox 82 2312 136 2373; x_wconf 87' lang='lat' dir='ltr'><strong>An,</strong></span> <span class='ocrx_word' id='word_1_143' title='bbox 146 2309 236 2377; x_wconf 80' lang='lat' dir='ltr'><strong>gravis</strong></span> <span class='ocrx_word' id='word_1_144' title='bbox 247 2308 330 2359; x_wconf 89' lang='lat' dir='ltr'><strong>Titan</strong></span> <span class='ocrx_word' id='word_1_145' title='bbox 341 2308 385 2359; x_wconf 90' lang='lat' dir='ltr'><strong>ubi</strong></span> <span class='ocrx_word' id='word_1_146' title='bbox 398 2312 498 2375; x_wconf 83' lang='lat' dir='ltr'><strong>promit</strong></span> <span class='ocrx_word' id='word_1_147' title='bbox 509 2308 616 2361; x_wconf 84' lang='lat' dir='ltr'><strong>oestusl</strong></span> 
     </span>
     <span class='ocr_line' id='line_1_32' title="bbox 81 2376 522 2446; baseline -0.005 -15"><span class='ocrx_word' id='word_1_148' title='bbox 81 2382 122 2431; x_wconf 95' lang='lat' dir='ltr'><strong>An</strong></span> <span class='ocrx_word' id='word_1_149' title='bbox 133 2379 182 2429; x_wconf 87' lang='lat' dir='ltr'><strong>sub</strong></span> <span class='ocrx_word' id='word_1_150' title='bbox 194 2376 302 2431; x_wconf 84' lang='lat' dir='ltr'><strong>Occasu</strong></span> <span class='ocrx_word' id='word_1_151' title='bbox 313 2378 406 2446; x_wconf 86' lang='lat' dir='ltr'><strong>tepido</strong></span> <span class='ocrx_word' id='word_1_152' title='bbox 417 2380 522 2443; x_wconf 87' lang='lat' dir='ltr'><strong>nitebis,</strong></span> 
     </span>
     <span class='ocr_line' id='line_1_33' title="bbox 82 2447 552 2517; baseline -0.006 -15"><span class='ocrx_word' id='word_1_153' title='bbox 82 2448 160 2502; x_wconf 85' lang='lat' dir='ltr'><strong>Unde</strong></span> <span class='ocrx_word' id='word_1_154' title='bbox 172 2447 317 2500; x_wconf 83' lang='lat' dir='ltr'><strong>commisso</strong></span> <span class='ocrx_word' id='word_1_155' title='bbox 328 2464 457 2501; x_wconf 84' lang='lat' dir='ltr'><strong>resonare</strong></span> <span class='ocrx_word' id='word_1_156' title='bbox 468 2455 552 2517; x_wconf 85' lang='lat' dir='ltr'><strong>ponto</strong></span> 
     </span>
     <span class='ocr_line' id='line_1_34' title="bbox 81 2514 587 2586; baseline -0.004 -16"><span class='ocrx_word' id='word_1_157' title='bbox 81 2517 182 2571; x_wconf 83' lang='lat' dir='ltr'><strong>Audies</strong></span> <span class='ocrx_word' id='word_1_158' title='bbox 193 2514 311 2586; x_wconf 64' lang='lat' dir='ltr'><strong>Calpen?</strong></span> <span class='ocrx_word' id='word_1_159' title='bbox 333 2518 410 2570; x_wconf 86' lang='lat' dir='ltr'><strong>Loca</strong></span> <span class='ocrx_word' id='word_1_160' title='bbox 420 2535 489 2586; x_wconf 91' lang='lat' dir='ltr'><strong>quae</strong></span> <span class='ocrx_word' id='word_1_161' title='bbox 499 2534 587 2570; x_wconf 87' lang='lat' dir='ltr'><strong>serem</strong></span> 
     </span>
     <span class='ocr_line' id='line_1_35' title="bbox 82 2585 590 2656; baseline -0.004 -16"><span class='ocrx_word' id='word_1_162' title='bbox 82 2589 228 2656; x_wconf 85' lang='lat' dir='ltr'><strong>Deprinres</strong></span> <span class='ocrx_word' id='word_1_163' title='bbox 239 2585 326 2640; x_wconf 80' lang='lat' dir='ltr'><strong>coelil</strong></span> <span class='ocrx_word' id='word_1_164' title='bbox 346 2590 404 2655; x_wconf 91' lang='lat' dir='ltr'><strong>quis</strong></span> <span class='ocrx_word' id='word_1_165' title='bbox 416 2590 467 2641; x_wconf 89' lang='lat' dir='ltr'><strong>erit</strong></span> <span class='ocrx_word' id='word_1_166' title='bbox 477 2603 540 2641; x_wconf 90' lang='lat' dir='ltr'><strong>rece</strong></span> <span class='ocrx_word' id='word_1_167' title='bbox 561 2594 590 2639; x_wconf 89' lang='lat' dir='ltr'><strong>to</strong></span> 
     </span>
     <span class='ocr_line' id='line_1_36' title="bbox 84 2656 546 2711; baseline 0 -2"><span class='ocrx_word' id='word_1_168' title='bbox 84 2661 174 2709; x_wconf 75' lang='lat' dir='ltr'><strong>&#39;rums</strong></span> <span class='ocrx_word' id='word_1_169' title='bbox 184 2656 278 2709; x_wconf 80' lang='lat' dir='ltr'><strong>Alcida</strong></span> <span class='ocrx_word' id='word_1_170' title='bbox 287 2656 365 2710; x_wconf 87' lang='lat' dir='ltr'><strong>locus</strong></span> <span class='ocrx_word' id='word_1_171' title='bbox 374 2659 446 2711; x_wconf 90' lang='lat' dir='ltr'><strong>inter</strong></span> <span class='ocrx_word' id='word_1_172' title='bbox 457 2664 546 2711; x_wconf 86' lang='lat' dir='ltr'><strong>astra.</strong></span> 
     </span>
     <span class='ocr_line' id='line_1_37' title="bbox 84 2728 562 2795; baseline 0 -16"><span class='ocrx_word' id='word_1_173' title='bbox 84 2728 205 2779; x_wconf 87' lang='lat' dir='ltr'><strong>Horrido</strong></span> <span class='ocrx_word' id='word_1_174' title='bbox 216 2732 323 2779; x_wconf 86' lang='lat' dir='ltr'><strong>tantum</strong></span> <span class='ocrx_word' id='word_1_175' title='bbox 334 2729 426 2795; x_wconf 87' lang='lat' dir='ltr'><strong>procul</strong></span> <span class='ocrx_word' id='word_1_176' title='bbox 439 2744 456 2779; x_wconf 84' lang='lat' dir='ltr'><strong>a</strong></span> <span class='ocrx_word' id='word_1_177' title='bbox 466 2728 562 2781; x_wconf 81' lang='lat' dir='ltr'><strong>Leone</strong></span> 
     </span>
     <span class='ocr_line' id='line_1_38' title="bbox 147 2792 723 2850; baseline 0.005 -3"><span class='ocrx_word' id='word_1_178' title='bbox 147 2795 224 2847; x_wconf 76' lang='lat' dir='ltr'><strong>San·</strong></span> <span class='ocrx_word' id='word_1_179' title='bbox 244 2796 350 2848; x_wconf 80' lang='lat' dir='ltr'><strong>Tnno.</strong></span> <span class='ocrx_word' id='word_1_180' title='bbox 376 2792 380 2801; x_wconf 90' lang='lat'>&#39;</span> <span class='ocrx_word' id='word_1_181' title='bbox 699 2800 723 2850; x_wconf 81' lang='lat' dir='ltr'>Y</span> 
     </span>
    </p>
   </div>
   <div class='ocr_carea' id='block_1_3' title="bbox 0 0 1082 3125">
    <p class='ocr_par' dir='ltr' id='par_1_3' title="bbox 0 0 1082 3125">
     <span class='ocr_line' id='line_1_39' title="bbox 0 0 1082 3125; baseline 0 0"><span class='ocrx_word' id='word_1_182' title='bbox 0 0 1082 3125; x_wconf 95' lang='lat' dir='ltr'><strong> </strong></span> 
     </span>
    </p>
   </div>
  </div>
 </body>
</html>
