2150 3125
174 230 223 284 110
365 227 398 284 L.
418 229 573 283 ΑΝΝΑΕΙ
593 226 784 281 SENECAE

312 421 619 478 Hieronymus,
641 416 836 463 NM'MX.

228 520 314 564 Nutrix
319 519 444 576 Hippolyti
449 520 550 563 ‘animum
558 520 661 568 mollire,
672 525 694 560 et
703 521 737 560 ad
744 516 838 570 monas
846 522 870 558 et
879 515 971 558 deliciae

174 577 271 619 urbam
282 576 378 630 flectcre
392 576 475 619 collide
490 583 572 620 tentat.
601 574 647 618 Ille
656 576 718 617 vitae
728 571 818 614 coelibis
836 579 861 615 et
873 571 972 614 rusticae

174 633 253 688 (quum
262 633 363 674 urbanae
373 635 484 676 collatam
490 631 610 688 praefert)
621 631 750 673 emtionem
759 627 866 671 inmota
876 633 942 670 tenet.

233 755 324 790 5155.
344 740 415 802 Quid
425 739 478 791 huc
488 740 585 791 seniles
596 739 671 789 fessa
681 737 782 788 moliris
793 737 901 806 gradus,

234 811 256 860 0
269 811 323 860 fida
334 812 437 870 nutrix,
449 809 584 860 turbidam
594 807 713 860 frontem
723 817 830 874 gerens,
846 868 850 878 ι

235 881 270 929 Et
280 887 387 930 moesta
396 877 501 930 vultusi
522 877 623 947 Sospes
636 885 678 928 est
688 883 762 928 certe
774 892 880 942 parens,

174 949 225 998 435
237 947 390 1016 sospesque
402 947 542 1010 Phaedra,
554 949 645 1014 stirpis
657 953 686 998 et
695 948 819 1014 geminae
830 947 931 1012 iugum.

236 1033 335 1069 nuru.
353 1019 444 1068 Metus
455 1019 577 1069 remitte:
589 1031 719 1084 prospero
730 1030 842 1082 regnum
858 1017 969 1064 instato

715 1090 765 1147 est,

234 1158 391 1223 Domusque
402 1155 501 1208 florens
513 1162 588 1208 sorte
598 1155 669 1207 felici
684 1157 765 1222 viget.

235 1226 289 1276 Sed
299 1231 329 1277 tu
340 1225 427 1277 beatis
433 1226 524 1276 mitior
534 1227 615 1277 rebus
627 1226 701 1276 veni:

234 1295 356 1362 Namque
367 1296 473 1345 anxiam
484 1311 527 1346 me
537 1311 603 1346 cure
613 1295 744 1347 sollicitat
753 1294 802 1354 tui,

174 1367 224 1414 440
237 1365 316 1426 Quod
326 1371 353 1416 15
364 1366 423 1432 ipse
435 1366 529 1432 poenis
545 1365 672 1433 gravibus
682 1363 797 1415 infestus
808 1362 910 1412 domas.

235 1436 320 1496 Quem
327 1433 386 1484 fata
397 1441 510 1501 cogunt,
520 1435 566 1486 ille
578 1450 638 1485 cum
649 1435 729 1484 venia
739 1438 782 1484 est
791 1434 889 1494 misen

233 1506 267 1553 At
278 1504 370 1571 siquis
382 1503 453 1554 ultro
464 1520 493 1554 se
504 1505 581 1555 maiis
592 1503 672 1556 offert
682 1502 785 1566 volens,

234 1573 321 1641 Seque
331 1576 390 1641 ipse
402 1580 524 1643 torquet,
537 1575 652 1641 perdere
663 1580 706 1624 est
715 1574 811 1641 diguus
819 1573 901 1633 bona,

236 1645 301 1705 Quis
312 1644 399 1694 nescit
409 1646 457 1694 uti.
494 1645 590 1695 Potius
602 1659 734 1695 annorum
745 1658 850 1694 memor

174 1712 224 1762 445
235 1713 355 1764 Mentem
366 1714 470 1764 relaxa:
482 1716 607 1766 noctibus
618 1712 696 1765 festio
708 1712 797 1765 fecem

233 1782 345 1847 Attoll03
358 1799 436 1833 curas
447 1781 573 1835 Bocchus
585 1789 716 1836 exoneret
725 1798 835 1851 gravem

233 1854 328 1904 Aetate
339 1852 441 1905 fruere:
452 1853 544 1904 mobili
556 1870 636 1905 cursu
647 1852 726 1923 fugit.

233 1920 309 1971 Nunc
320 1920 400 1972 155115
412 1929 520 1989 pectus,
530 1930 611 1991 grata
621 1940 692 1975 nunc
700 1923 789 1973 iuveni
799 1920 905 1972 Venus:

232 1991 344 2041 Exultet
354 1992 465 2043 animus.
499 1993 558 2044 ,Cur
566 1999 629 2045 toro
642 1992 723 2043 viduo
734 1989 824 2041 iaces?

173 2058 223 2108 450
236 2060 353 2111 Tristem
364 2062 501 2113 iuventam
511 2063 600 2126 solve;
611 2078 682 2114 nunc
692 2061 766 2112 lusus
777 2076 856 2126 rupe;

233 2128 348 2181 Effunde
360 2129 492 2196 habenam
505 2134 622 2198 optimos
632 2134 705 2182 vitae
715 2130 772 2181 dieo

232 2196 350 2250 Effluere
362 2198 485 2266 prohibe!
506 2201 624 2268 Propria
633 2201 777 2266 descripsit
786 2198 853 2250 deuo

233 2268 343 2329 Officia,
355 2275 383 2319 ct
393 2286 489 2320 aevum
500 2286 549 2338 per
559 2287 623 2321 suos
634 2271 709 2321 ducit
718 2268 827 2337 gradus.

232 2336 352 2389 Laetitia
361 2340 499 2403 iuvenem,
511 2340 587 2391 frons
600 2341 679 2393 decet
689 2341 774 2390 tristis
785 2353 886 2389 senem.

172 2405 221 2455 455
235 2406 305 2466 Quid
316 2414 343 2461 te
355 2423 480 2472 coerces,
492 2416 521 2461 et
530 2426 613 2461 neces
625 2417 728 2461 rectem
738 2404 874 2459 incolent

233 2473 316 2543 Seges
327 2476 373 2527 1115
383 2494 510 2547 magnum
521 2478 618 2532 foenus
629 2479 765 2548 agricolae
777 2476 860 2539 debit,

235 2544 418 2613 Quaecunque
428 2547 508 2600 laetis
518 2557 614 2601 tenera
622 2549 743 2601 luxuriat
752 2547 831 2611 satim

231 2615 370 2683 Arborque
381 2618 454 2670 celso
465 2620 569 2671 vertice
581 2621 687 2671 evincet
696 2633 799 2679 nemun,

233 2686 321 2746 Quum
333 2700 387 2736 non
398 2686 515 2754 maligna
527 2689 617 2741 caedit
627 2695 675 2740 aut
685 2691 793 2740 resecat
800 2701 904 2736 manus.

172 2753 221 2803 465
232 2754 344 2823 Ingenia
355 2756 449 2807 melius
460 2763 537 2808 recte
549 2774 579 2808 se
589 2760 615 2807 in
626 2758 719 2809 laudes
731 2757 832 2815 ierunt,
