2150 3125
144 244 197 294 214
315 240 348 292 L.
385 238 540 291 ΑΝΝΑΕΙ
571 237 762 293 SENECAE

142 346 193 398 950
204 345 297 397 cuitus
308 344 424 395 decoros
434 345 527 411 regiae
537 344 621 395 vestis
632 345 710 410 petit,

202 416 238 465 Et
248 414 386 465 admoveri
397 414 515 465 crinibus
526 415 630 481 patitur
640 429 757 465 manum.

203 484 322 535 Mortem
333 482 448 550 putabat
456 483 536 546 illud,
546 482 600 535 hoc
609 481 747 535 thalamos
757 490 843 549 pumat.

203 555 238 604 At
248 554 348 604 misera
358 552 435 605 luctu
443 558 531 603 mater
542 553 635 604 audito
647 559 752 620 stupet3

204 621 608 675 Labefaetemenssuceubuit.
644 622 780 690 inunge!
802 623 897 675 adleva

145 693 196 745 955
206 694 343 755 Animum,
355 700 383 742 et
393 690 551 753 cadentem,
561 693 673 754 misera,
685 692 764 743 tinne
774 691 911 759 spiritum!

206 763 294 824 Quam
306 763 394 813 tenuis
405 761 495 811 anima
505 761 612 814 sinendo
623 762 724 827 pendet
734 760 799 813 levi!

205 832 345 882 Minimum
351 837 402 891 est,
409 830 630 897 quodHecubam
636 829 728 882 faeere
735 830 841 883 felicem
847 836 948 897 potest.

207 900 311 966 Spiratz
322 900 428 951 revixit.
463 899 556 951 Prima
567 915 641 951 mors
650 902 765 951 miseros
776 899 855 968 fugit.

206 982 250 1020 nn
258 984 282 1021 c.
293 967 386 1020 Adhuc
397 966 513 1020 Achilles
524 969 589 1019 vivit
599 970 626 1020 in
638 984 739 1035 poenas
750 966 902 1037 Phrygum!

146 1040 197 1091 960
206 1038 301 1090 Adhuc
311 1035 440 1090 rebellati
459 1038 483 1089 0
495 1053 605 1088 menum
616 1037 721 1089 Paridis
730 1036 830 1090 levem!

206 1110 278 1159 Ciuis
288 1109 346 1175 ipse
357 1113 481 1157 nestrum
491 1109 651 1175 sanguinem
660 1122 693 1159 ac
704 1108 824 1161 tumulus
834 1109 898 1159 sitit.

206 1178 291 1229 Modo
301 1176 383 1229 turba
393 1175 459 1228 felix
468 1176 557 1227 latera
567 1177 694 1244 cingebat
704 1192 779 1242 mea3

208 1246 347 1298 Lassabar
355 1247 383 1297 in
394 1250 437 1297 tot
447 1246 555 1309 oscula,
565 1247 593 1296 in
604 1251 691 1297 totum
702 1262 814 1315 gregem

208 1316 336 1368 Dividere
347 1322 471 1366 matrem.
508 1313 575 1367 Sola
584 1332 654 1368 nunc
664 1315 733 1367 haee
744 1323 786 1367 est
796 1332 886 1383 super,

146 1388 196 1438 965
209 1386 324 1447 Votum,
336 1399 442 1446 eomes,
452 1384 589 1447 levamen,
601 1384 727 1437 adflictae
739 1388 823 1453 quies.

206 1456 285 1506 Haee
295 1460 370 1506 totus
380 1454 513 1505 Hecubae
523 1454 629 1518 inetus3
641 1452 693 1505 bac
704 1456 763 1506 sole
772 1471 857 1507 vocor

206 1527 262 1576 lam
274 1539 342 1577 voce
352 1528 449 1576 mater.
485 1523 563 1576 Dura
574 1530 602 1577 et
611 1524 718 1588 infelix,
730 1540 790 1594 age,

207 1595 324 1646 Elabere
335 1593 436 1644 animai
458 1593 573 1662 denique
585 1593 638 1645 hoe
649 1611 731 1647 unum
743 1594 806 1648 mibi

207 1665 324 1715 Remitte
333 1661 426 1715 funus!
447 1663 640 1731 lnn'gatiietus
650 1680 743 1733 genes,

148 1735 198 1786 stu
210 1734 352 1801 imberque
363 1734 437 1783 vieto
448 1733 553 1786 subitus
565 1749 580 1785 e
591 1735 666 1785 vultu
677 1735 758 1786 cadit

208 1805 341 1866 Laetare,
352 1803 455 1871 gaude,
466 1803 562 1869 gnata!
585 1805 672 1865 Quam
683 1805 763 1856 vellet
772 1809 835 1856 tuos

211 1873 365 1924 Cassandra
373 1870 521 1934 thalamus,
543 1873 625 1925 vellet
635 1873 823 1926 Andromache
835 1874 908 1926 tuos!

210 1957 312 1993 suun.
323 1941 395 2003 Nos,
406 1941 535 2006 ilecuba3
551 1957 616 2005 nos,
630 1959 695 2006 nos,
711 1944 841 2008 Hecuba,
856 1945 950 2012 iugen-

578 2013 629 2064 dae
641 2028 742 2076 sumus,

211 2082 284 2142 Quas
294 2086 371 2130 mota
381 2079 474 2132 classis
485 2079 539 2133 huc
550 2087 579 2132 et
588 2079 640 2133 buc
652 2098 761 2149 sparsas
771 2083 855 2147 ieret3

150 2150 200 2200 975
211 2150 291 2202 Hane
302 2165 366 2200 cara
375 2148 455 2202 tellus
466 2151 575 2202 sedibus
587 2153 680 2218 patriis
691 2158 776 2220 teget.

210 2233 253 2269 nu
261 2234 286 2269 n.
298 2220 387 2287 Magis
397 2220 544 2282 invidebis,
554 2222 577 2271 si
586 2237 662 2273 suam
675 2229 778 2274 sortem
788 2225 867 2273 scias·

210 2303 251 2339 an
259 2303 311 2339 nn.
318 2292 356 2340 An
363 2289 453 2357 aliqua
459 2305 633 2357 poenaepars
639 2290 950 2360 meaeignotaestmihii

210 2371 287 2408 nnn.
298 2359 416 2410 Versata
426 2359 549 2410 dominos
560 2376 629 2412 urna
641 2362 753 2428 captivis
766 2361 848 2413 dedit.

211 2442 312 2478 anun.
333 2429 382 2479 Cui
391 2426 495 2479 famula
504 2429 616 2480 trador-i
636 2429 699 2481 ede!
722 2447 802 2536 zuein
814 2432 950 2484 dominum

655 2516 740 2552 voco.

151 2566 200 2615 98⁰
212 2576 289 2614 ιιιιι.
302 2564 343 2614 Te
354 2572 428 2617 sorte
439 2569 528 2633 prima
538 2565 651 2633 Scyrius
662 2571 766 2620 iuvenis
777 2571 846 2620 tulit.

210 2646 309 2683 suun.
323 2633 474 2685 Cassandra
483 2635 562 2697 felix,
575 2653 654 2703 quam
666 2638 743 2690 furor
753 2641 820 2691 sorti
832 2641 934 2703 eximit,

211 2698 403 2767 Phoebusque!
426 2718 501 2754 nun.
518 2705 622 2772 Regum
632 2705 701 2758 hanc
717 2711 849 2760 maximus
858 2717 952 2762 rector

662 2783 744 2828 tenet.
