2150 3125
192 222 243 273 236
372 220 405 271 L.
442 220 597 271 ANNAEl
616 220 804 273 SENECAE

252 326 332 375 Adire
344 329 432 387 certe,
444 326 585 391 coniugem
595 331 717 376 extremo
730 324 838 391 adloqui

194 398 243 445 420
255 395 385 445 Sermone
396 396 493 461 potuit.
529 395 591 445 Hoc
603 410 710 461 quoque
721 396 846 445 extimuit
856 393 943 445 ferox.

254 466 361 515 Lauare
373 470 448 516 certe
460 470 566 531 tempas
576 464 685 514 immitis
696 464 778 530 fugae

257 535 364 584 Genero
374 533 482 585 licebat.
518 533 625 583 Liberis
636 549 705 583 unua
717 534 774 584 dies

256 604 343 653 Datus
354 608 396 653 est
407 603 521 653 duobus.
532 630 565 641 -
576 600 636 653 Non
648 617 748 670 queror
758 610 865 669 tempus
876 604 973 655 breve:

255 672 370 722 Multum
381 672 494 738 patebit.
528 672 626 723 Faciet
635 669 694 733 hic,
704 671 803 734 faciet,
815 673 880 735 dies,

197 743 245 792 425
258 742 337 802 Quod
348 742 435 792 nullus
445 757 564 809 unquam
574 740 679 791 taceatl
701 742 829 793 ln'radam
840 742 915 805 deos,

256 813 291 862 Et
302 817 401 862 cuncta
412 808 545 879 quatiam!
565 824 667 861 anua.
679 810 780 878 Recipe
790 810 929 863 turbatum
939 828 995 862 ma·

745 881 787 943 lia,

256 950 579 1016 Hera,pectua!animum
586 949 778 1019 mitigalman.
792 947 857 1000 Sola
863 952 995 1019 estquies‚

254 1019 363 1070 Mecum
372 1022 451 1072 ruina
462 1027 560 1071 cuncta
571 1022 595 1070 ei
603 1020 683 1071 video
695 1020 800 1071 obruta.

255 1090 363 1139 Mecum
376 1090 467 1140 omnia
477 1088 590 1140 abeant!
603 1088 725 1153 trahere,
737 1102 910 1155 cumpercas,
921 1090 996 1141 libet.

195 1159 249 1209 430
259 1173 279 1208 a
286 1171 362 1209 uma.
375 1160 462 1218 Quam
472 1159 559 1210 multa
569 1160 755 1221 sinttimenda,
766 1159 788 1210 si
799 1166 915 1224 perstas,
925 1160 986 1209 ride

255 1228 341 1279 Nemo
352 1234 477 1295 potentes
488 1228 599 1296 adgredi
612 1234 686 1280 tutus
698 1234 797 1295 potest.

431 1381 580 1440 rasore,
601 1381 769 1429 mariae.

252 1498 368 1547 Iunonem,
379 1497 499 1553 gravatim
506 1496 615 1539 Medeam
623 1500 767 1548 deserentem,
777 1503 994 1556 capraemontem,

198 1556 332 1612 aggreditur
341 1555 425 1598 Medea
434 1552 575 1610 opprobriis,
584 1554 698 1609 precibus,
708 1553 817 1598 simulato
826 1552 987 1596 conciliatione

258 1662 321 1699 ras.
333 1648 356 1699 0
369 1647 438 1698 dura
447 1645 507 1697 iata
516 1661 637 1712 eemper,
650 1651 678 1697 et
686 1652 787 1698 sortem
799 1661 931 1712 asperam,

211 1692 220 1779 i
258 1720 324 1769 Cum
332 1718 431 1779 saevit,
443 1722 543 1767 etcum
555 1716 656 1782 parcit,
668 1730 701 1766 ex
713 1730 800 1783 aequo
812 1715 883 1766 mala

255 1786 385 1840 Remedia
394 1787 500 1854 quoties
511 1786 613 1836 invenit
622 1784 700 1836 nohis
711 1786 776 1835 deus

196 1859 247 1909 435
260 1856 390 1908 Periculie
401 1853 507 1922 peiora!
529 1854 559 1905 Si
569 1854 663 1906 vellem
675 1853 754 1906 iidem

256 1928 401 1978 Praestare
411 1925 513 1975 meritis
524 1926 659 1992 coniugia:
669 1924 725 1975 leto
736 1923 789 1974 fuit

256 1999 344 2064 caput
354 1994 545 2058 obserendum
556 1997 579 2044 si
589 1995 658 2045 mori
668 1995 762 2045 nolim:
774 1994 826 2045 lide

256 2067 359 2117 Misero
370 2063 516 2114 carendum
528 2069 577 2114 eat.
614 2063 675 2114 Non
687 2065 769 2114 timor
780 2065 846 2115 vicit
856 2065 951 2128 virum,

213 2132 220 2183 l
258 2134 311 2187 Sed
324 2133 429 2201 trepida
439 2134 541 2200 pietaat
553 2135 651 2200 quippe
662 2140 822 2202 aequaretur
832 2147 927 2186 necem

199 2194 249 2271 4i⁰
260 2203 355 2256 Proles
366 2208 517 2270 parentum.
554 2202 577 2253 0
589 2209 697 2266 sancta,
709 2206 731 2254 ai
744 2203 849 2255 coelum
858 2203 963 2266 incolis,

256 2274 376 2336 lustitia,
387 2287 483 2323 numen
494 2272 592 2323 invoco
605 2288 639 2323 ac
648 2277 736 2325 testor
744 2278 832 2336 tuum,

258 2344 338 2393 Gnati
349 2346 456 2408 patrem
466 2344 565 2393 vicere.
602 2343 671 2404 Quin
681 2344 767 2410 ipsam
780 2357 894 2410 quoque,

256 2414 314 2462 Etsi
325 2411 405 2461 ferox
414 2416 457 2462 eat
468 2411 550 2462 corde
560 2427 610 2464 nec
621 2415 726 2479 patiens
737 2414 803 2481 iugi,

258 2480 404 2542 consulere
415 2483 485 2530 natis
496 2479 577 2533 malle
588 2498 668 2548 quam
676 2481 804 2534 thalamis
814 2496 886 2533 reor.

199 2550 250 2600 445
262 2549 408 2598 Constituit
418 2550 523 2600 animus
533 2550 660 2616 precihus
669 2553 767 2602 iratam
779 2550 898 2620 adgredi.

260 2618 344 2681 Atque
355 2615 431 2667 ecce!
442 2619 500 2670 riso
510 2624 611 2670 memet
621 2620 727 2686 exiluit,
738 2621 817 2672 feurit:

257 2685 323 2735 Fert
333 2685 397 2733 odia
407 2701 472 2750 prae
483 2703 525 2748 ee,
538 2693 612 2738 totus
622 2689 650 2740 ln
659 2690 734 2741 vultu
748 2696 790 2742 est
801 2689 888 2740 dolor.

258 2764 327 2803 nan.
337 2752 700 2824 Fugimus,laaon,fuglmua.
712 2762 832 2810 Hocnon
840 2766 994 2812 eatnovum.
