2150 3125
299 211 577 271 PHOENISSAE.
612 222 697 273 ACT.
718 224 738 274 Ι.
874 228 909 279 8⁴1

1 294 2 349 i
108 312 140 365 ln
152 313 345 380 plmtendini
365 320 445 371 vado.
481 322 766 392 Praeruptnadpetiei

109 380 170 433 Non
182 384 275 447 obsto,
286 388 334 439 eod
344 390 489 457 praecedo.
526 394 628 454 Quovia
639 402 716 447 utere

108 451 186 504 Buce
198 454 254 504 me!
275 458 667 531 Duobueonrniaeliginrrvia.
873 471 905 521 tt

108 522 202 575 Perire
213 524 270 577 eine
280 542 325 579 nra
335 544 390 580 non
402 538 494 597 potae,
506 548 612 585 meeum
622 542 708 600 poter.

108 592 162 643 Hic
174 592 227 645 nita
237 611 320 663 rupen
331 600 416 651 arduo
427 604 513 669 surgit
522 604 601 670 iugo,

1 702 5 710 .
109 659 274 733 spectatque
286 668 366 736 ionge
376 672 466 737 spatia
476 672 591 723 subiecti
601 676 697 738 marin

110 737 157 789 Vir
168 736 239 789 hanc
249 738 389 804 petamus!
410 739 505 793 Nudus
516 741 560 793 hic
571 743 671 809 pendet
680 746 756 799 cilex.

107 810 159 861 Hie
171 810 260 859 rciaaa
267 808 345 860 widun
356 808 480 862 faucibus
492 814 578 879 ruptio
590 810 661 877 hiat3
871 820 904 868 tu

107 880 155 930 Vis
166 877 237 929 hanc
247 878 388 945 maurusi
403 880 456 930 iiic
466 896 552 949 rapax
562 888 670 935 torrear
680 884 767 947 cadit,

105 950 256 1018 Porteeqne
264 948 334 1016 lapsi
342 951 442 1001 montio
454 964 549 1003 exesae
560 958 648 1015 rotat3

106 1021 135 1070 in
145 1018 217 1070 huuc
227 1035 346 1074 ruamur.
382 1018 455 1069 Duru
465 1022 552 1088 prior,
564 1024 683 1089 quovis,
695 1038 743 1088 ⁰⁰3

104 1089 164 1141 Non
175 1090 322 1157 deprecor,
333 1104 386 1139 non
397 1086 500 1141 hortor.
537 1093 665 1160 Extingui
676 1094 765 1159 cupio,

103 1158 273 1228 Votnrnque,
283 1160 404 1227 genitor,
415 1162 561 1211 maximum
572 1177 647 1213 more
657 1169 700 1215 ert
709 1162 776 1215 tibii
868 1167 902 1216 15

103 1228 271 1290 sinereris,
283 1229 430 1293 anteced03
440 1232 462 1280 ei
475 1232 555 1293 rivis,
566 1246 673 1299 aequor.

102 1298 155 1351 Sed
166 1298 247 1350 flecte
258 1305 390 1362 mentem,
401 1306 497 1365 pectus
507 1301 646 1369 antiquum
657 1303 776 1365 advoca,

100 1371 250 1437 victaeque
260 1384 360 1437 magno
368 1370 468 1421 robore
479 1386 623 1423 aerumnas
633 1370 726 1423 dorna!

100 1440 208 1490 Reainte
215 1456 225 1488 =¹
234 1441 316 1491 tanda
327 1441 354 1489 in
366 1440 442 1490 malis
453 1441 523 1491 vinci
533 1442 604 1491 mori
613 1447 663 1493 eat

101 1522 199 1558 onore.
211 1509 318 1561 Uadein
331 1508 449 1560 nefanda
458 1511 595 1577 specimen
606 1512 746 1580 egregium
757 1511 855 1563 donroi
866 1514 900 1564 80

100 1579 176 1630 Unde
186 1581 241 1630 ista
251 1582 343 1647 generi
348 1580 425 1650 virgo
435 1580 570 1632 dissimilia
580 1579 648 1632 suot

97 1650 235 1712 Fortiura·
243 1648 348 1701 crediri
368 1650 463 1718 aliquia
475 1657 517 1702 ast
529 1666 563 1701 er
574 1667 616 1702 me
627 1652 695 1718 pino.

98 1719 160 1770 Non
172 1725 245 1770 earet
255 1735 374 1786 unquam
385 1717 456 1783 (iata
466 1721 535 1771 hene
547 1722 609 1771 novi
620 1725 708 1784 rnen),

98 1788 155 1840 Nisi
168 1795 199 1839 ut
211 1795 331 1839 noceret.
360 1790 431 1858 ·lpra
441 1805 470 1841 ae
481 1791 508 1839 in
519 1790 594 1858 leges
605 1805 689 1840 novae

97 1858 203 1909 Natura
214 1863 315 1921 vertet,
326 1865 435 1925 regeret
442 1861 470 1910 in
482 1859 586 1910 iontem
598 1861 666 1910 citae
865 1863 898 1915 85

96 1928 247 1980 Revolutus
257 1927 343 1980 undae
354 1931 452 1992 amnia,
464 1935 492 1979 et
502 1935 612 1980 noctem
623 1928 730 1981 adferet

97 1997 227 2050 Phoebea
236 1998 353 2064 lampas,
364 1999 504 2066 Hesperus
515 1997 600 2050 faciet
611 1999 690 2050 diem.

96 2070 132 2118 Ut
143 2067 178 2118 ad
189 2067 419 2136 miseriasaiiquid
430 2069 547 2120 accedat
555 2085 645 2131 meaa,

96 2138 135 2188 Pii
149 2153 257 2204 quoque
269 2138 376 2190 erimus.
413 2139 499 2189 Unica
510 2139 670 2205 Oedipodae
680 2145 723 2190 eat
733 2138 806 2189 salue

94 2207 157 2257 Non
167 2223 226 2258 esse
237 2207 349 2260 salvum.
385 2209 484 2258 Liceat
492 2208 586 2258 ulcisci
597 2214 702 2274 patrem
863 2209 895 2258 90

93 2275 188 2327 Adhuc
198 2276 319 2326 inultum.
355 2277 473 2338 Dextra,
486 2277 549 2345 quid
560 2293 651 2329 censu
660 2279 733 2328 iners

95 2347 210 2414 Exigere
222 2345 341 2412 poenaai
363 2347 499 2414 Quidquid
511 2354 637 2398 exactum
648 2352 691 2398 ent
701 2346 802 2409 adhuc,

92 2417 176 2467 Matri
189 2416 295 2466 dedisti.
331 2417 411 2466 Mitte
422 2419 554 2483 genitoris
564 2431 673 2466 manum

56 2497 58 2502 ·
91 2487 221 2536 Animosa
230 2485 321 2553 virgo:
332 2485 412 2536 funus
424 2487 547 2537 extendis
559 2502 663 2547 meum,

91 2556 257 2624 Longosque
268 2557 321 2606 vivi
338 2556 417 2607 ducis
428 2557 557 2623 exequias
568 2557 661 2623 patria.
860 2558 893 2608 95

92 2625 241 2692 Aliquando
252 2631 328 2676 terra
337 2641 436 2694 corpus
447 2627 562 2676 invisum
573 2624 648 2692 tege!

91 2697 195 2748 Peccas
207 2694 323 2746 honesta
332 2702 436 2757 mente;
448 2697 579 2761 pietatem
588 2710 685 2756 vocas,

91 2766 203 2818 Patrem
213 2763 378 2832 insepultum
389 2763 506 2816 trahere.
545 2765 598 2824 Qui
610 2766 683 2830 cogit
695 2767 762 2814 mori
