2150 3125
174 208 224 261 314
352 203 384 255 L.
421 203 580 256 ANNAEl
597 202 790 257 SENECAE

175 311 240 362 1110
252 308 305 361 Sed
317 308 424 376 quando
435 306 525 359 sulusi
544 308 662 359 Mundus
671 309 815 375 impositus
825 316 889 364 tuus

251 380 412 446 Compeseet
422 377 545 436 umbras,
556 386 638 446 teque
649 379 801 431 'Patareus
813 385 889 433 cenis

250 446 374 499 inhibere
385 446 504 516 poteritl
521 448 637 511 Quando
649 449 809 502 'laenurees
818 449 894 502 iures

251 517 388 581 Fulminis,
400 523 448 569 sut
458 532 525 585 quas
535 525 624 569 mater
634 517 667 568 ad
680 517 776 570 lauces
785 535 861 588 eger,

250 590 311 651 Qus
321 603 394 640 murs
405 585 554 638 adituri-
566 587 650 639 Vadis
662 588 697 638 ud
706 589 817 652 Manes,
827 590 882 642 iter

175 658 238 709 1115
252 657 399 710 llsbiturus
411 672 502 709 unum.
520 657 591 720 Quid
603 656 674 708 diem
684 665 782 725 questu
793 658 872 711 teret

253 727 324 790 Quid
334 729 434 779 misere
444 726 525 778 dures
535 724 608 778 vitei
627 727 690 796 quid
699 728 789 780 lucem
800 727 871 780 hune
881 733 978 782 tenesl

251 799 338 860 Quem
350 811 446 865 parere
458 812 551 848 rursus
562 796 708 848 Herculem
720 813 831 864 possum
842 798 914 851 lorii

253 869 384 930 Quisnam
396 873 536 933 parentem
546 872 645 934 gnatus
654 866 799 919 Alcmenen
810 883 887 920 susm

251 940 357 990 Tantus
367 934 492 988 vocabitl
511 936 623 987 Onimis
633 935 713 1000 felix,
723 937 812 1001 ninia,

175 1008 240 1058 1181)
251 1007 382 1058 'lhebane
392 1007 503 1068 coniux,
516 1005 626 1056 Tartari
636 1007 743 1058 intrasti
752 1007 817 1059 luce

252 1077 380 1130 Florente
392 1081 471 1140 nat03
482 1082 563 1143 teque
575 1077 728 1128 venientem
737 1075 822 1129 Inferi

253 1149 381 1207 Timuere
392 1145 485 1197 forsan
490 1183 498 1209 ,
510 1144 583 1214 quud
595 1151 673 1210 pater
682 1152 788 1198 tuntum
799 1148 928 1202 Herculis

254 1217 302 1272 Vel
314 1217 398 1269 falsus
409 1216 514 1266 aderas.
550 1217 625 1278 Quas
637 1221 729 1281 petam
740 1222 831 1268 terras
841 1233 919 1281 unus,

251 1288 341 1339 Invisa
351 1286 439 1339 suevis
451 1285 573 1354 regibus,
585 1286 607 1336 si
618 1286 677 1352 quis
687 1292 778 1338 tamen

178 1356 241 1408 1185
252 1359 310 1409 Rex
322 1362 364 1408 est
373 1356 484 1408 relictus
495 1352 609 1406 saevusl
628 1355 681 1407 llei
691 1357 807 1408 miserae
819 1355 896 1408 mihi!

253 1428 411 1494 Quicunque
423 1439 518 1477 caesos
528 1426 669 1494 ingemunt
679 1427 755 1494 gnati
764 1432 867 1495 putres,

255 1500 274 1548 Α
293 1512 335 1546 me
348 1501 441 1563 petent
453 1495 598 1563 supplieie3
609 1510 652 1545 me
664 1498 756 1547 cuncti
766 1497 889 1550 obruent.

255 1567 283 1619 Si
296 1568 354 1634 quis
365 1569 453 1618 minor
462 1565 580 1627 Busiris,
591 1573 639 1616 aut
649 1567 672 1616 si
684 1568 743 1633 quis
754 1570 842 1619 minor

93 1631 127 1693 ’ἓν
197 1656 221 1671 -‘
234 1640 372 1689 »Antaeus
381 1636 462 1688 urbes
473 1633 595 1687 fervidae
605 1641 691 1687 terret
702 1636 807 1704 plegae:

176 1709 244 1761 1190
257 1709 314 1773 Ego
326 1707 429 1773 praeda
440 1705 533 1757 ducar.
552 1702 581 1755 Si
592 1706 651 1772 quis
662 1705 792 1757 Ismarius
802 1723 900 1776 greges

256 1776 372 1828 'lhrseis
383 1776 487 1829 cruenti
498 1775 631 1825 vindieat:
643 1783 757 1841 carpent
767 1792 864 1845 greges

252 1848 317 1900 Mea
327 1848 448 1897 membru
459 1844 517 1898 din.
537 1844 663 1896 Forsitan
672 1859 776 1912 poenes
785 1853 862 1914 petet

253 1919 329 1969 lrate
340 1918 420 1968 luno:
431 1922 506 1967 totus
518 1921 613 1965 uretur
623 1914 710 1965 dolor.

251 1988 353 2040 Secura
363 1987 435 2038 vieto
447 1985 556 2037 tandem
568 1985 601 2035 ab
612 1984 704 2036 Alcide
717 1992 811 2049 vaeat3

180 2060 243 2111 1795
257 2057 350 2109 Pellex
361 2070 503 2122 supersum
510 2093 518 2119 ‚
529 2053 663 2122 supplicia
673 2054 706 2106 (le
717 2071 771 2123 qua
781 2057 882 2125 exigat.

255 2126 296 2180 Ne
308 2142 404 2194 parere
415 2140 537 2193 possem,
550 2124 616 2176 lecit
625 2122 669 2173 hic
681 2131 761 2176 uetus
771 2124 836 2176 mihi

254 2198 367 2249 [lterum
377 2195 534 2246 timendum.
555 2196 633 2257 Quae
643 2199 737 2261 petam
744 2196 871 2248 Alcmene
880 2197 955 2251 loesi

253 2269 320 2331 Quis
331 2264 473 2326 meluens,
487 2264 656 2333 quaeregio,
668 2279 738 2332 quae
748 2265 839 2317 mundi
851 2267 934 2337 plaga

256 2335 406 2398 Defendet,
417 2341 465 2386 aut
476 2350 542 2403 quas
552 2338 640 2385 mater
648 2335 676 2384 in
687 2333 807 2387 latebras
819 2352 887 2404 agar

180 2408 244 2457 1800
256 2406 360 2472 Ubique
371 2420 421 2471 per
431 2410 459 2455 te
471 2401 553 2455 notai
573 2400 602 2453 Si
613 2403 729 2470 patrium
740 2411 830 2470 petam

257 2476 397 2541 Laresque
409 2474 531 2524 miserest
551 2474 637 2540 Argus
647 2472 819 2539 Eurystheus
829 2482 913 2529 tenet.

258 2544 360 2594 Merite
370 2541 480 2595 Thebes
491 2556 576 2611 regna
585 2547 613 2593 et
624 2542 748 2594 {smenon
760 2550 860 2610 petam,

259 2609 460 2677 Thalamosque
472 2618 590 2672 nostros,
600 2612 628 2662 in
638 2612 735 2678 quibus
745 2616 881 2681 quondum
892 2618 986 2671 lovem

260 2678 369 2730 Dilecta
378 2680 446 2742 vidi,
459 2679 527 2746 proh
537 2680 616 2731 nimis
627 2679 704 2743 felix,
717 2684 803 2746 nimis,

184 2748 248 2798 1805
259 2746 290 2800 si
299 2746 484 2799 fulminantem
496 2754 524 2799 et
534 2750 595 2815 ipsa
606 2751 749 2803 sensissem
761 2751 869 2805 levem!
