2150 3125
171 178 222 227 264
371 177 405 229 1..
423 177 582 230 ΛΝΝΑΕΙ
601 177 791 232 SENECAE

170 432 439 491 ΑΜΙΗΗΜ,
477 434 859 494 mmmmm,
896 438 975 485 NU-

509 520 631 566 falx.

226 636 432 693 CIytaemmtram
440 635 536 679 numicis
547 635 647 679 comiliis
663 639 737 679 redere
743 642 869 691 paratam,
881 637 974 694 iamque

169 694 274 793 prompt.
283 694 439 749 superveniens
447 692 568 748 aquilon
578 692 654 735 souti
655 699 664 735 t
673 705 747 734 rursm
756 692 853 749 atqnes'n
858 706 975 752 praeceps

229 854 392 892 snersuu.
404 840 484 903 Quod
494 846 602 907 tempus
614 840 703 958 snipno
715 854 823 907 semper
834 856 866 893 ac
879 848 974 895 mente

669 910 752 973 orrui,

227 979 311 1031 Adest
321 980 446 1046 profecto
457 980 539 1030 rebus
552 984 701 1031 extremum
713 980 789 1031 meis.

230 1050 301 1112 Quid
311 1056 391 1119 terge
400 1051 498 1112 vertis,
509 1047 614 1100 enimet
636 1049 698 1115 quid
711 1050 797 1115 primo
808 1051 910 1117 inipetu

226 1119 349 1187 Deponis
361 1118 453 1170 armai
473 1118 729 1185 Crede,perniciem
739 1119 787 1169 tibi

168 1191 218 1241 230
229 1192 265 1240 Et
276 1190 335 1240 dira
344 1205 441 1241 saevos
450 1188 510 1239 ieta
518 1187 606 1240 moliri
618 1188 684 1239 deos

228 1260 343 1326 Oppone
354 1261 458 1310 cunetis
468 1258 520 1309 vile
530 1258 670 1325 suppliciis
681 1264 772 1326 ceput,

228 1331 394 1397 Ferrumque
406 1335 435 1381 et
442 1330 519 1398 ignes
530 1334 643 1395 pectore
655 1327 769 1379 adverso
781 1328 888 1396 excipe!

230 1412 327 1450 corr.
336 1397 479 1467 Aegistho,
491 1413 545 1448 non
557 1404 599 1449 est
609 1413 698 1465 poena
708 1400 748 1449 sic
759 1406 822 1449 neto
835 1402 913 1450 mori.

228 1482 393 1520 seorsum.
410 1469 454 1520 'l'u
465 1483 528 1532 nos,
539 1466 634 1534 pericli
649 1469 737 1531 socia,
749 1472 793 1530 tu,
805 1469 882 1520 Lede
898 1478 971 1533 sato,

168 1540 217 1592 235
229 1539 366 1592 comitare
377 1544 495 1590 tanturm
507 1538 665 1606 sanguinem
676 1538 773 1589 reddet
783 1539 831 1590 tibi

227 1612 344 1678 ignavus
354 1611 405 1660 iste
418 1610 516 1660 ductor
526 1624 560 1661 ec
570 1607 650 1660 sortis
660 1614 747 1675 pater.

227 1679 281 1731 Sed
292 1679 355 1746 quid
365 1685 513 1731 trementes
525 1680 623 1730 circuit
632 1677 719 1744 pallor
729 1693 821 1745 genas,

225 1751 374 1817 lucensque
385 1749 474 1800 vuitus
485 1748 613 1816 languido
626 1748 722 1799 obtutu
733 1746 841 1814 stupet?

227 1833 324 1871 corr.
335 1820 418 1869 Amor
427 1818 524 1887 iugalis
535 1819 618 1868 vincit
630 1833 662 1868 ec
673 1816 760 1868 flectit
769 1824 852 1870 retro.

167 1892 216 1939 240
226 1887 388 1941 Referemus
396 1889 473 1951 illue,
484 1889 556 1939 unde
566 1904 619 1937 non
633 1888 724 1938 decuit
734 1888 806 1952 prius

225 1957 318 2010 Abire!
339 1957 390 2009 Vel
402 1975 473 2010 nunc
484 1964 561 2009 casta
571 1962 712 2024 repetatur
722 1957 803 2021 fides3

226 2027 296 2079 Nem
307 2043 369 2080 sere
380 2043 516 2096 nunquam
528 2033 571 2078 est
582 2027 616 2077 od
628 2027 714 2078 bonos
724 2040 814 2076 mores
824 2027 875 2077 vio.

226 2100 312 2160 Quem
323 2099 447 2164 poenitet
456 2111 599 2165 peccasse,
611 2111 697 2162 paene
706 2100 748 2147 est
757 2097 893 2148 innocens.

226 2182 266 2218 sc
274 2180 390 2218 orsrn.
402 2170 463 2230 Quo
474 2167 580 2234 raperis
592 2164 701 2287 emenbsi
721 2165 809 2216 credis
821 2172 974 2232 autsperas

643 2237 663 2287 ti
684 2237 692 2286 i

166 2307 215 2357 245
226 2306 434 2373 Agamemnonis
444 2304 524 2356 fidele
537 2303 709 2372 coniugium?
730 2306 767 2356 Ut
777 2303 842 2356 nihil

225 2373 357 2426 Subesset
367 2376 472 2438 animo,
483 2374 555 2441 quod
566 2390 663 2442 graves
674 2373 778 2426 feceret
787 2381 889 2427 metus:

224 2447 328 2495 Tamen
339 2445 458 2511 superbe
469 2450 497 2495 et
506 2445 642 2510 impotens
653 2443 720 2495 ilatu
730 2445 807 2495 nimis

223 2513 345 2564 Fortuna
355 2529 454 2582 magno
465 2515 576 2581 spiritus
587 2513 706 2565 tumidos
716 2513 803 2565 deret.

225 2581 323 2632 Gravis
331 2582 377 2634 ilie
387 2585 468 2634 sociis
478 2587 568 2634 stante
580 2583 668 2634 adhuc
680 2583 766 2634 Troia
775 2582 838 2634 fuit:

164 2653 215 2701 250
226 2650 296 2711 Quid
309 2665 370 2702 rere
382 2652 416 2702 ed
426 2655 543 2702 animum
556 2659 652 2719 suapte
662 2659 760 2704 natura
771 2658 874 2704 trucem

224 2720 337 2770 Troiam
350 2719 502 2771 addidisse?
523 2721 581 2771 Rex
592 2722 771 2787 Mycenarum
781 2722 846 2782 fuit3
