2150 3125
310 254 513 308 TROADES.
551 257 637 308 ACT.
669 256 698 309 V.
851 257 900 307 21²

105 360 262 410 Prenderint
272 361 369 423 altum,
380 359 519 428 fugietque
530 361 614 412 littus.
831 360 899 411 1050

105 431 168 491 Quis
179 436 267 480 status
278 432 376 481 mentis
386 433 505 492 miseris,
516 431 563 481 ubi
574 432 659 481 omnis

104 500 189 549 Terra
200 498 353 561 decrescet,
366 500 530 567 pelagusque
542 498 662 551 crescet?

103 568 178 618 Celsa
189 584 249 618 cunr
260 569 341 636 longe
352 569 470 619 latitabit
480 567 542 621 ldel

102 639 170 687 'luni
182 653 250 704 puer
261 639 356 701 matri,
367 640 537 706 genitrixque
548 645 623 701 nato,

103 708 185 756 Troia
195 722 249 774 qua
257 709 349 758 iaceat
358 710 469 775 regione
480 717 642 769 monstrans,
831 707 897 757 1055

101 775 196 839 Dicet,
208 781 237 827 et
246 775 327 844 longe
338 777 424 845 digito
435 777 554 827 notabit:

103 844 197 907 „ilium
208 845 329 908 estillic,
340 846 386 897 ubi
397 845 486 897 fumus
497 846 552 897 ulte

104 913 192 980 Serpit
201 916 230 965 in
242 915 347 966 coelum
358 916 524 983 nebulaeque
535 916 655 980 turpes.“

104 985 191 1036 Troes
201 983 255 1035 hoc
268 986 345 1051 signo
357 986 472 1052 patriam
482 984 618 1035 ridebunt.

275 1186 436 1252 ACTUS
480 1185 719 1263 QUINTUS.

135 1326 347 1380 NUNTIUS,
367 1322 670 1381 ANDROMACHA,
691 1324 876 1370 HECUBA-

160 1425 258 1469 Nuntius
267 1424 378 1468 macrinus
386 1429 481 1472 narrat,
491 1429 537 1465 ute
548 1423 608 1464 turri
619 1423 900 1481 praecipitatucfinrs'tA-

104 1489 218 1539 clpam,
228 1489 253 1525 et
261 1480 382 1537 Polyxena
392 1482 425 1521 aa
437 1481 547 1521 temrulum
556 1478 652 1521 Achillis
663 1494 735 1522 caua.

104 1622 207 1658 nunu.
228 1572 264 1658 Ο
278 1608 337 1657 dira
348 1606 414 1667 iata,
427 1621 517 1668 saeva,
528 1606 689 1667 miseranda,
701 1605 819 1669 horrida,
835 1610 902 1660 1000

106 1678 186 1739 Quod
197 1682 254 1727 tani
267 1675 369 1738 lerum,
381 1682 436 1726 tarn
449 1676 526 1725 triste
536 1676 578 1725 bis
589 1677 675 1742 quinis
686 1677 774 1727 scelus

101 1749 178 1797 Mars
189 1746 256 1796 vidit
266 1744 358 1797 annisi
378 1744 449 1806 Quid
459 1746 533 1812 prius
545 1743 665 1795 referens
676 1761 791 1812 gemam,

101 1817 214 1866 'I'uosne
226 1817 330 1884 potius,
343 1829 376 1864 an
385 1821 448 1864 tuos
459 1813 566 1875 luctus,
578 1812 662 1864 anus?

101 1899 147 1934 nn
155 1900 179 1936 c.
193 1886 376 1952 Quoscunque
387 1884 476 1934 luctus
487 1883 609 1946 fleveris,
621 1881 698 1933 flebis
709 1899 785 1937 ineos

102 1953 420 2022 Suaquernquetantuni,
432 1955 598 2003 meomnium
607 1953 697 2004 clades
704 1957 811 2021 premit.
833 1958 900 2007 1065

98 2022 168 2074 Mihi
175 2029 406 2090 cunctapercunt3
418 2024 536 2090 quisquis
549 2028 599 2084 est,
605 2021 737 2074 Hecubae
749 2029 799 2087 est,
810 2028 899 2078 miser.

99 2107 169 2143 nun
175 2107 202 2144 r.
212 2093 337 2144 Mactata
345 2095 422 2159 virgo
434 2097 490 2155 est,
502 2093 600 2142 missus
611 2108 626 2142 e
637 2094 720 2142 muris
731 2108 811 2159 puer3

101 2161 157 2213 Sed
167 2168 281 2230 uterque
292 2163 376 2213 letum
387 2167 477 2212 mente
488 2175 621 2230 generosa
630 2161 699 2212 tulit.

100 2245 202 2282 suoru
213 2233 328 2299 Expone
338 2234 434 2282 seriem
447 2232 552 2295 caedis,
564 2237 592 2281 et
602 2230 701 2297 duplex
712 2230 789 2282 nefas

98 2302 284 2368 Prosequere:
295 2300 397 2368 gaudet
406 2317 519 2368 magnus
530 2315 672 2351 aerumnas
683 2299 761 2351 dolor
831 2305 898 2353 1010

99 2371 236 2421 Tractare
245 2376 327 2421 totas.
357 2370 428 2433 Ede,
441 2379 469 2421 et
480 2385 577 2421 enarra
588 2371 684 2419 omnis.

98 2454 168 2489 nun
176 2453 202 2488 r.
214 2440 328 2491 listune
337 2454 437 2507 magna
445 2441 528 2490 turris
540 2453 556 2488 e
567 2439 651 2489 Troia
661 2453 751 2503 super,

97 2509 223 2559 Adsueta
232 2508 357 2568 Priam03
369 2511 445 2559 cuius
456 2523 471 2558 e
482 2508 593 2574 fastigio

99 2577 271 2646 summisque
282 2579 369 2644 pinnis
381 2578 483 2629 arbiter
490 2576 554 2627 belli
566 2575 661 2626 sedens

99 2647 227 2715 Regebat
236 2649 316 2698 acics.
343 2648 432 2698 Turre
441 2649 468 2697 in
478 2645 531 2695 hac
539 2645 640 2696 blando
650 2647 678 2696 iu
688 2649 746 2697 sinu
831 2651 898 2699 1015

100 2718 209 2768 Fovens
220 2721 361 2783 nepotem,
374 2733 434 2766 cum
444 2722 518 2766 metu
528 2730 622 2765 versos
633 2718 710 2782 gravi

101 2787 216 2836 Danaos
226 2785 335 2852 fugaret
344 2786 449 2836 Hector
459 2791 487 2835 et
497 2784 570 2835 ferro
582 2791 611 2835 et
621 2784 692 2847 lace,
