2150 3125
161 247 194 298 90
335 245 368 295 L.
398 243 552 295 ANNAEI
580 244 772 297 SENECAE

220 351 355 419 Unquam,
367 365 417 400 nec
427 352 480 401 ista
490 355 578 401 morte
590 355 733 400 contentus
743 349 782 400 iui

161 422 211 471 ito
222 419 280 471 Nec
292 435 334 470 me
345 419 446 469 redemi
457 426 550 485 parte;
560 420 730 470 membratim
742 419 792 469 tibi

219 489 301 540 Volui
312 489 424 555 perire),
436 489 556 540 debitum
568 489 676 539 tandem
687 488 777 557 exige!

219 556 296 609 Nune
307 557 382 608 solvo
394 573 509 625 poenas3
521 564 586 609 tunc
595 557 644 608 tibi
654 557 766 609 inferias
776 559 846 610 dedi.

219 627 303 690 Ades,
314 632 396 694 atque
408 628 522 679 inertem
533 628 673 679 dexteram
683 629 817 679 introrsus
828 644 934 694 preme,

218 696 362 764 Magisque
371 695 477 764 merge!
497 697 592 748 timida
602 703 660 747 tum
671 713 757 763 parvo
770 704 851 765 caput

162 766 210 817 1¹15
221 766 331 817 Libarit
340 762 452 829 haustu,
463 767 559 834 vixque
570 768 710 833 cupientes
721 768 798 834 sequi

218 836 319 887 Eduxit
330 836 432 887 oculos.
469 837 575 889 Haeret
585 837 666 888 etiam
677 852 748 887 nunc
758 835 823 887 mibi

217 906 265 957 lile
276 906 393 967 animus,
404 902 512 968 haeret,
525 921 585 956 com
596 912 766 957 recusantem
778 921 887 957 manum

219 976 345 1027 Pressere
355 975 453 1025 vuitus.
488 975 588 1027 Audies
598 990 705 1038 verum,
717 976 834 1042 Oedipet

217 1045 307 1095 Minus
318 1044 411 1095 eruisti
422 1045 523 1095 lumina
533 1045 665 1096 audacter
674 1050 735 1107 tua,

161 1115 210 1165 180
222 1115 308 1175 Quam
320 1114 487 1181 praestitisti.
523 1113 602 1164 Nunc
612 1130 722 1165 manum
734 1112 847 1165 cerebro
858 1113 953 1177 indue;

217 1184 279 1234 Hac
290 1189 366 1251 parte
378 1190 493 1235 mortem
504 1199 613 1251 perage,
624 1200 679 1250 qua
689 1184 767 1249 coepi
777 1182 859 1234 mori!

218 1264 294 1303 sur.
322 1252 457 1315 Pauca,o
474 1268 572 1320 parens
589 1253 773 1320 magnanime,
785 1254 953 1304 miserandae

669 1338 749 1373 recor

218 1391 253 1442 Ut
261 1390 345 1441 verba
355 1397 435 1442 natae
446 1396 536 1441 mente
548 1339 769 1457 placatapaudias.

216 1460 277 1510 Non
288 1466 316 1510 te
327 1466 358 1510 ut
367 1459 496 1512 reducam
506 1463 606 1512 veteris
617 1462 651 1511 ad
662 1463 782 1528 speciem
793 1462 901 1525 domus,

163 1529 207 1579 185
217 1530 401 1598 Habitumque
413 1531 487 1599 regni
499 1530 566 1584 ilore
578 1532 723 1598 pollentem
734 1532 827 1584 inclito

218 1601 300 1663 Peto;
313 1607 356 1651 ast
367 1607 396 1650 ut
406 1603 474 1664 iras,
486 1606 609 1668 tempore
621 1609 667 1652 aut
677 1603 738 1668 ipsa
748 1618 826 1656 mora

218 1670 345 1731 Erectus,
357 1672 470 1722 remisso
482 1681 594 1736 pectore
606 1687 638 1721 ac
649 1673 756 1738 placido
768 1671 849 1723 ieras.

217 1740 254 1788 Et
264 1738 317 1790 hoc
328 1739 443 1792 decebat
452 1740 558 1792 roboris
569 1742 638 1791 tanti
649 1743 748 1803 virum,

217 1807 277 1859 Non
291 1825 350 1861 esse
360 1811 410 1860 sub
421 1810 529 1873 dolore,
541 1826 591 1861 nec
602 1811 703 1861 victum
713 1810 790 1861 malis

163 1877 207 1927 190
219 1878 291 1928 Dare
303 1886 388 1947 terga.
425 1879 487 1931 Non
497 1887 552 1943 est,
562 1886 593 1931 ut
603 1886 697 1946 putas,
709 1882 807 1942 virtus,
819 1886 908 1947 pater,

218 1949 326 1999 Timere
336 1950 432 2012 vitam,
444 1951 491 2002 sed
502 1950 579 2002 mabs
590 1950 745 2018 ingentibus

219 2017 349 2082 Obstare,
360 2035 410 2070 nec
420 2035 449 2070 se
461 2026 568 2071 vertere
580 2036 612 2070 ac
623 2026 698 2071 retro
709 2020 783 2069 dare.

219 2087 269 2147 Qui
281 2086 339 2138 fata
349 2089 529 2154 proculcavit,
542 2105 575 2140 ac
585 2091 656 2141 vitae
667 2090 740 2140 bona

217 2156 338 2208 Proiecit
349 2164 430 2226 atque
441 2159 570 2222 abscidit,
582 2164 611 2210 et
620 2175 699 2210 casus
709 2174 774 2209 suos

158 2223 207 2274 1⁹5
220 2226 350 2277 Oneravit
359 2229 430 2294 ipsc,
443 2230 486 2279 cui
496 2229 548 2280 deo
559 2228 632 2279 nulio
645 2234 687 2279 est
697 2244 780 2295 opus,

216 2297 305 2356 Quare
314 2297 359 2348 ille
369 2303 483 2349 mortem
496 2300 600 2365 cupiat,
612 2302 660 2348 aut
671 2313 754 2366 quare
766 2295 859 2364 petati

215 2363 363 2433 Utrumque
374 2367 460 2417 timidi
471 2374 520 2418 est.
556 2368 643 2420 Nemo
656 2368 800 2418 contemsit
810 2367 891 2429 mori,

217 2433 270 2493 Qui
280 2437 445 2502 concupivit3
458 2438 532 2488 cuius
543 2435 615 2489 haud
625 2438 696 2489 ultra
706 2436 778 2487 mala

215 2503 297 2555 Exire
309 2511 434 2570 possunt,
446 2508 473 2556 io
483 2507 546 2558 loco
558 2512 618 2557 tuto
631 2512 673 2558 est
684 2509 760 2559 situs.

157 2574 206 2621 2⁰⁰
218 2573 283 2633 Quis
294 2574 348 2624 iam
359 2575 470 2626 deorum
482 2576 566 2639 (veile
578 2574 639 2640 iac)
650 2578 794 2644 quidquam
807 2580 899 2642 potest

214 2642 294 2693 Malis
304 2645 357 2694 tuis
369 2644 501 2697 adiiceret
521 2647 579 2697 lam
589 2661 640 2698 nee
649 2652 679 2696 tu
690 2651 782 2714 potes,

216 2711 272 2762 Nisi
284 2710 345 2774 hoc,
356 2720 386 2763 ut
396 2729 455 2766 esse
466 2721 494 2766 te
506 2721 585 2782 putes
596 2715 705 2782 dignum
715 2731 789 2767 nece.

215 2779 275 2832 Non
287 2797 330 2845 es,
342 2798 392 2833 nec
402 2783 458 2834 uilo
468 2790 564 2851 pectus
575 2780 628 2834 hoc
639 2785 720 2851 culpa
729 2785 828 2851 attigit
