2150 3125
143 226 193 278 280
332 225 365 275 Β,
393 224 551 277 ΑΝΝΑΕΙ
582 222 778 275 SENECAE

111 346 126 438 ἲ
203 330 256 391 Qui
265 345 338 379 nunc
349 335 486 396 petuntur.
523 328 629 396 Rapida
641 328 765 380 Fortuna
775 342 807 378 ac
817 326 883 377 levis

141 402 192 449 220
202 400 393 466 Praecepsque
404 413 489 466 regno
502 400 614 465 capuit,
625 397 705 449 exilio
718 397 800 448 dedit

201 469 427 536 confiderem,
439 484 500 519 cum
510 468 576 520 levis
587 482 700 535 magnas
711 483 777 535 opes

201 541 262 589 Huc
271 538 344 589 ferat
354 545 382 589 et
391 538 454 588 illuc
464 554 553 589 casus.
589 538 651 588 Hoc
662 551 742 605 reges
752 535 853 587 habent

168 593 181 693 l
199 608 374 675 Magnificum
385 615 414 659 et
423 609 532 676 ingens,
543 606 616 657 nulla
626 606 698 674 quod
709 608 799 674 rapiat
808 605 875 667 dies,

199 678 333 729 Prodesse
344 678 463 740 miseris,
473 677 609 743 supplices
621 676 676 727 lido
686 676 743 727 lare

140 748 190 798 225
201 747 359 815 Protegere.
395 746 489 798 Solum
500 745 553 797 hoc
566 745 693 797 Colchico
705 761 789 814 regno
801 743 894 806 extrrli,

200 818 291 870 Decus
300 817 365 868 illud
375 819 483 884 ingens,
494 817 598 883 gloriae
609 814 704 867 liorem
714 815 844 877 inclitum,

102 898 113 922 0
199 886 339 939 Praesidio
349 885 467 938 Achivae
475 888 565 953 gentis
576 892 604 936 et
614 885 719 951 prolem
730 884 819 947 deum,

200 954 329 1008 Servasse
339 962 448 1008 memet.
483 956 584 1006 Munus
596 962 638 1006 est
649 953 773 1021 Orpheus
784 969 882 1016 meum,

201 1027 252 1087 uu
264 1042 331 1077 saxa
342 1032 424 1077 cantu
434 1026 534 1077 mulcet
545 1031 573 1076 et
583 1024 663 1076 silvas
674 1022 770 1089 trahit3

140 1096 190 1145 230
203 1095 362 1163 Geminique
371 1111 468 1145 munus
479 1097 577 1145 Castor
588 1100 616 1145 et
625 1093 723 1145 Pollux
733 1108 832 1155 meum,

200 1164 311 1233 Satique
321 1165 426 1229 Berea3
439 1166 537 1231 quique
548 1170 623 1214 trans
633 1162 751 1215 Pontum
760 1170 868 1282 Suoque

200 1233 342 1285 Summota
352 1233 481 1300 Lynceus
491 1234 591 1284 lumine
600 1234 721 1283 immisso
732 1234 758 1283 vi
779 1239 819 1296 et3

202 1304 356 1371 Omnesque
365 1304 491 1369 Minyae:
502 1318 565 1353 narn
576 1304 675 1353 ducum
687 1308 767 1353 taceo
778 1302 883 1364 ducem,

199 1373 253 1424 Pro
265 1388 318 1439 quo
329 1370 394 1424 nihil
406 1373 532 1436 debetur3
544 1371 616 1424 hunc
627 1372 691 1422 nulli
701 1373 818 1439 imputo:

140 1442 190 1492 235
201 1442 287 1495 Vobis
296 1444 389 1493 revexi
399 1448 519 1505 ceteros,
530 1456 613 1494 unum
625 1439 698 1493 mibi.

200 1514 403 1576 incesseram,
416 1518 444 1564 et
455 1518 554 1564 errncta
564 1509 668 1581 flagitia
678 1508 784 1580 ingere!

199 1581 331 1634 Fatebor:
343 1582 415 1633 obici
426 1584 528 1633 crimen
538 1582 593 1634 hoc
603 1583 690 1635 solum
700 1586 801 1648 potest,

199 1653 273 1719 Argo
285 1667 402 1703 reversa
439 1653 543 1720 Virgini
554 1652 663 1718 placeat
672 1651 769 1718 pudor,

199 1721 335 1788 Paterque
345 1722 466 1787 placeat:
479 1727 539 1772 tota
550 1737 611 1773 cum
622 1720 734 1772 ducibus
744 1725 807 1770 ruet

140 1793 190 1842 240
200 1791 317 1858 Pelasga
326 1791 419 1855 tellus3
430 1789 476 1841 bic
487 1797 550 1842 tuus
560 1792 675 1858 nmmum
686 1805 769 1858 gener

199 1861 284 1910 Tauri
295 1859 395 1912 ferocis
406 1876 453 1912 ore
463 1860 613 1913 flammanti
624 1861 739 1912 occidet.

199 1930 322 1981 Fortuna
333 1944 457 1992 causam,
468 1945 522 1997 qua
531 1929 619 1992 volet,
630 1937 751 1982 nostram
762 1932 881 1996 premat3

198 1997 260 2051 Non
273 2000 395 2065 poenitet
405 2014 527 2050 servasse
538 2004 582 2049 tot
592 2014 685 2066 regum
696 1995 788 2051 decus.

200 2068 387 2136 Quodcunque
398 2068 478 2135 culpa
487 2071 637 2134 praemium
648 2085 682 2122 ex
694 2069 767 2120 omni
776 2068 834 2132 tuli,

139 2140 188 2189 245
198 2139 261 2188 lloc
271 2143 314 2188 est
323 2153 406 2204 panes
415 2144 452 2188 te.
489 2135 519 2188 Si
527 2138 630 2205 placet:
641 2141 740 2190 damna
750 2153 839 2202 reani3

198 2205 252 2258 Sed
263 2206 347 2259 redde
358 2209 469 2258 crimen.
504 2206 569 2258 Sum
581 2223 696 2272 nocens,
707 2206 812 2272 fateor,
824 2209 919 2258 Creon.

197 2276 292 2326 Talem
304 2277 409 2328 sciebas
420 2290 494 2339 esse,
506 2291 566 2327 curn
577 2293 666 2345 genua
677 2279 764 2346 attigi,

196 2345 344 2413 Eidemque
354 2346 467 2412 supplex
476 2345 609 2413 praesidis
620 2348 733 2399 dextrae
744 2348 808 2414 peti.

197 2415 285 2463 Terra
295 2413 347 2466 lrac
356 2416 472 2467 miseriis
484 2414 610 2482 angulum
622 2423 650 2470 et
661 2417 753 2468 sedem
764 2431 841 2484 rogo,

138 2485 188 2533 250
198 2481 387 2549 Latebrasque
397 2484 471 2536 viles.
507 2485 580 2536 Urbe
591 2488 614 2535 si
626 2487 688 2554 pelli
699 2487 790 2553 placet

197 2550 285 2601 Detur
293 2557 414 2602 remotus
425 2552 520 2621 aliquis
530 2555 558 2603 in
568 2558 658 2623 regnis
668 2555 753 2606 locus.

200 2631 247 2668 cn.
258 2618 320 2668 Non
331 2635 390 2671 esse
400 2637 458 2684 me,
470 2624 516 2689 qui
526 2631 636 2690 sceptra
646 2625 780 2676 violentus
790 2639 891 2693 gerani,

198 2685 256 2737 Nec
267 2688 311 2752 qui
323 2690 439 2753 superbo
450 2692 573 2742 miserias
585 2694 686 2744 calcem
697 2695 776 2762 pede,

198 2754 330 2805 Testatus
340 2757 464 2822 equidem
474 2760 569 2811 videor
579 2759 651 2813 haud
664 2763 736 2815 clare
747 2779 841 2831 parum
