2150 3125
204 228 252 280 lii
384 225 418 280 la.
445 225 601 279 ANNAEl
630 223 820 280 cultum

370 496 546 562 Actus
588 497 831 564 centlum

374 667 829 728 ruuruur,uurarx.

259 769 367 814 Rerum
377 771 406 814 ab
415 769 502 826 Inserit
514 769 610 813 Theseus
621 771 740 814 aumaticr'
748 773 819 814 &echa
833 785 925 815 canam
934 788 950 814 a
958 787 1007 815 nu.

203 826 260 870 trice
269 826 337 870 obvia
345 826 483 871 sciscitatur.
494 824 543 868 Illa
550 841 573 869 u
581 826 625 869 ltoc
635 827 785 870 tautwnrcire
794 832 920 884 πεφυκόσι,
926 828 1004 872 Plau.

204 886 269 928 &am
277 882 336 926 ,καὶ
346 882 464 926 comitium
471 882 553 925 irridere

203 1009 253 1062 885
264 1023 283 1060 r
290 1023 334 1060 uu
342 1023 369 1061 s.
377 976 517 1060 Tandem
527 1006 636 1077 profugi
646 1010 735 1059 noctis
745 1016 873 1062 aeternae
883 1011 1004 1080 plagam,

263 1077 403 1147 Varioque
414 1094 508 1131 maneo
520 1093 630 1130 carcere
640 1079 810 1130 umbrantem
821 1081 920 1147 polum.

263 1150 299 1202 Ut
310 1150 357 1200 vix
367 1149 488 1216 cupitum
498 1147 641 1200 subierunt
652 1147 724 1198 oculi
734 1147 820 1198 dieml

263 1221 320 1270 lam
332 1225 430 1286 quarta
439 1218 550 1269 Eleusin
561 1217 633 1268 dona
643 1217 805 1285 Triptolemi
817 1226 893 1271 cecat

263 1289 415 1355 Paremque
426 1289 510 1338 toties
522 1286 608 1338 Libra
619 1288 774 1354 composuit
784 1287 865 1351 diem,

203 1361 253 1411 84⁰
264 1358 410 1426 Ambiguae
419 1362 450 1407 ut
460 1371 503 1408 me
514 1358 596 1408 cortic
605 1358 715 1425 ignotae
725 1355 805 1407 labor

264 1428 387 1480 Detinuit
396 1428 469 1476 inter
477 1428 574 1477 mortio
585 1432 613 1477 et
622 1427 695 1476 ritae
704 1426 783 1476 mala

263 1499 331 1550 Pare
341 1513 395 1548 una
404 1498 476 1548 ritae
487 1498 588 1548 mansit
597 1496 718 1548 extincto
727 1493 802 1558 mihi,

263 1568 371 1621 Senius.
407 1567 611 1618 Malorumiinic
621 1566 728 1618 Alciden
738 1566 799 1629 luit,

265 1638 316 1701 Qui
330 1652 390 1688 cum
401 1636 509 1689 revulso
520 1638 640 1687 Tartaro
650 1635 808 1688 extraheret
819 1652 923 1700 canem,

202 1710 252 1761 845
265 1710 311 1760 Mo
340 1721 429 1774 noque
439 1722 570 1774 supernas
581 1708 685 1772 pariter
696 1706 730 1756 ad
742 1706 822 1757 uedeo
833 1706 902 1756 tulit.

263 1776 316 1829 Sed
322 1723 401 1827 densa
411 1777 496 1827 virtus
506 1777 607 1827 robore
618 1777 729 1844 antiquo
742 1782 826 1837 caret,

263 1846 465 1913 Trepidantquo
476 1861 594 1914 grossus.
631 1846 706 1907 lleu,
717 1845 796 1896 labor
806 1850 922 1913 quantur
932 1845 986 1897 fuit

261 1913 460 1983 Phlegethonte
472 1914 506 1966 ab
516 1918 572 1966 imo
587 1921 682 1982 potere
692 1915 867 1983 longinquum
878 1913 1002 1978 aethera,

261 1986 421 2053 Pariterque
432 1990 547 2037 moriem
557 1984 653 2053 fugere
665 1992 694 2037 et
703 1984 813 2035 Alciden
823 1984 912 2103 sepuil

201 2057 251 2107 850
263 2056 328 2117 Quis
338 2053 463 2106 fremitus
474 2070 553 2107 aurei
563 2054 659 2107 llebiliu
670 2054 774 2122 pepulit
782 2069 858 2106 meae

261 2126 412 2191 Expromat
422 2123 530 2192 aliquis!
553 2125 658 2176 Luctus
669 2130 698 2176 et
706 2124 836 2176 lacrimae
847 2131 875 2175 et
885 2123 972 2187 dolor,

261 2195 293 2244 ln
302 2194 393 2245 limine
402 2196 462 2261 ipso
473 2201 580 2246 moesta
589 2195 758 2256 lamentatio,

260 2264 387 2331 Auspicia
397 2264 479 2331 digna
488 2280 599 2331 prorsus
609 2263 715 2316 inferno
725 2261 841 2331 lrocpite.

262 2346 361 2385 uuum.
368 2333 628 2385 Tenetobstinatum
634 2333 761 2386 Phaedra
767 2334 907 2385 consilium
913 2336 1000 2398 necis,

201 2402 251 2453 855
261 2402 409 2470 Fletuuque
420 2409 528 2455 nostroe
539 2406 656 2469 spernit,
668 2420 701 2455 ac
712 2405 794 2455 morti
803 2405 933 2456 imminet„

261 2485 330 2523 rua
338 2486 361 2522 s.
374 2473 450 2534 Quae
462 2488 545 2525 cauea
554 2472 618 2523 lotii
627 2474 729 2525 reduce
739 2489 789 2524 cur
798 2474 913 2525 moritur
923 2473 1001 2525 virol

261 2555 279 2591 rr
286 2554 361 2591 uum
380 2541 458 2593 llaec
468 2543 529 2609 ipsa
538 2543 623 2594 letum
633 2559 717 2594 cauea
726 2549 862 2594 maturum
873 2544 972 2595 attulit.

262 2622 348 2660 uuus.
359 2610 494 2677 Perplexa
503 2627 630 2680 magnum
636 2613 820 2665 verbanescio
827 2613 890 2681 quid
895 2619 1000 2682 tegunt

261 2678 352 2731 Ell'are
364 2685 472 2745 aperte,
485 2683 544 2749 quie
555 2689 652 2749 gravet
661 2688 778 2735 mentem
789 2682 876 2733 (lnior.

200 2750 250 2800 850
263 2763 277 2798 u
288 2762 328 2799 rr
335 2762 362 2797 a.
370 2748 450 2799 Haud
462 2750 555 2816 pandit
566 2751 621 2801 ulli.
631 2752 740 2804 Moesta
745 2758 882 2804 secretum
889 2752 1000 2815 occulit,
