2150 3125
322 206 526 259 TROADES.
563 207 650 259 ACT.
669 208 716 261 111.
865 211 915 261 2⁰3

118 317 152 365 et
162 313 290 381 quidquid
301 312 384 363 audet
393 314 482 362 victor
491 315 591 375 iratus,
603 319 722 365 tumens:
866 314 916 365 500

117 385 242 434 ¹inimosa
252 381 341 432 nullos
351 387 441 432 mater
451 382 570 433 admittit
580 388 676 433 metus.

117 470 134 504 u
142 468 169 504 a.
186 452 276 503 Stulta
286 457 330 503 est
339 451 421 514 ildes,
431 451 522 504 celare
534 454 606 521 quod
619 453 718 520 prodas
729 455 829 504 statim.

118 524 171 574 Hic
180 524 252 590 ipse,
263 536 317 590 quo
328 536 399 571 nune
411 527 560 574 contumax
570 528 690 590 perstas,
701 537 779 574 amor

118 592 265 645 Consulem
275 592 366 659 parvis
377 590 470 643 liberis
479 592 592 643 Danaos
602 599 702 643 monet.

117 664 186 714 Post
197 677 274 713 arom
285 668 342 713 tam
353 661 515 781 longiugua,
526 668 590 729 post
602 678 687 713 annos
699 661 802 723 decem,
867 660 918 712 595

117 733 208 783 Minus
220 732 359 793 timerem,
387 746 438 781 uos
460 733 515 783 acit
527 730 655 793 Calchas,
667 737 764 792 metus,

118 801 149 853 Si
158 799 224 852 mihi
232 802 370 853 timeremt
401 800 454 851 elle
464 799 630 853 Telemacho
640 815 730 867 paras.

120 884 219 922 annm
239 871 326 922 lnvita
336 870 428 936 Ulyssi
439 870 568 939 gaudium
580 885 612 921 ac
623 869 728 921 Danais
739 870 823 922 dabo:

118 941 244 992 Dandum
256 946 306 991 est.
341 939 451 1002 Fetere,
463 955 531 1009 quos
543 941 652 1007 premis,
662 941 761 1002 luctus,
774 940 864 992 dolor!

120 1011 258 1072 Gaudete,
271 1010 396 1073 Atridae,
406 1016 489 1077 tuque
499 1011 632 1074 laetifica,
643 1014 674 1061 ut
684 1009 765 1072 soles,
871 1011 920 1063 000

119 1080 201 1131 Refer
213 1079 347 1147 Pelasgis:
359 1080 489 1131 Hectoris
500 1078 590 1147 proles
600 1080 665 1131 obit.

121 1165 170 1201 ua.
189 1150 227 1201 ltt
236 1164 297 1200 esse
306 1164 400 1199 rerum
411 1146 465 1200 hoc
475 1164 528 1217 qua
538 1150 639 1216 probas
649 1148 752 1201 Danais
763 1150 833 1201 fidei

121 1233 188 1270 sno
195 1233 222 1269 n.
241 1219 298 1282 lta,
310 1219 384 1286 quod
393 1220 490 1270 minari
500 1220 648 1270 maximum
658 1221 746 1271 victor
757 1226 855 1288 potest,

121 1289 280 1357 contingat,
293 1294 322 1339 et
332 1304 375 1339 me
385 1287 445 1339 fata
454 1294 561 1340 maturo
572 1290 647 1341 exitu

120 1358 258 1426 Facilique
271 1359 390 1421 solvant,
402 1373 434 1409 ac
445 1374 507 1410 meo
517 1359 635 1410 condant
645 1359 713 1422 solo,
870 1362 920 1413 005

123 1430 158 1479 [lt
169 1429 257 1496 patria
267 1428 347 1479 tellus
359 1429 508 1479 Hectorem
519 1428 615 1480 leviter
626 1435 739 1496 premat,

123 1500 158 1549 Ut
167 1499 228 1549 luce
240 1502 328 1560 caret,
339 1503 370 1548 ut
380 1500 452 1550 inter
461 1500 596 1550 extinctos
607 1501 689 1563 iacet,

124 1571 264 1636 Datusque
274 1568 377 1620 tumulo
388 1569 480 1620 debita
490 1571 620 1621 exanimis
628 1571 698 1622 tulit.

125 1654 174 1689 un.
194 1638 310 1704 Expleta
320 1636 380 1690 lata
389 1640 473 1706 stirpe
485 1640 593 1692 sublata
604 1641 741 1701 Hectoris,

123 1708 296 1776 solidamque
308 1723 403 1775 pacem
412 1709 501 1760 laetus
513 1710 547 1761 ad
559 1710 670 1762 Danaos
680 1709 775 1761 ieram.
787 1739 819 1750 —-
873 1712 923 1762 010

123 1778 194 1840 Quid
207 1779 265 1882 offis
291 1776 406 1844 Ulyssel
426 1779 567 1830 Danaidae
579 1779 690 1831 credent
700 1780 763 1843 tibi;

114 1851 167 1898 ·'l'u
179 1849 237 1899 cui.
250 1847 370 1898 Parenti.
401 1850 493 1917 Fingit
503 1865 537 1900 an
549 1851 689 1917 quisquam
700 1846 753 1902 hoc
764 1864 871 1916 parens,

123 1917 181 1969 Nec
193 1917 389 1969 abominandae
399 1920 494 1970 mortis
505 1919 654 1987 auspicium
666 1917 763 1986 paretl

121 1991 248 2057 Auspicia
259 1995 396 2052 metuunt,
408 1987 454 2059 qui
465 1986 530 2039 nihil
541 1990 627 2040 maius
638 1991 744 2040 timent.

122 2059 218 2112 Fidem
230 2059 359 2127 adligavit
367 2059 543 2112 iureiurando
554 2075 639 2112 suam.
874 2059 923 2109 015

122 2129 151 2181 Si
163 2130 281 2197 peierat3
291 2130 387 2181 timere
401 2129 465 2199 quid
474 2131 584 2198 gravius
595 2129 704 2197 potestl

122 2199 200 2251 Nunc
211 2198 316 2250 advoca
326 2205 415 2264 astus,
427 2202 528 2264 auime3
539 2216 610 2251 nunc
620 2199 744 2263 fraudes,
756 2199 846 2263 dolos;

122 2268 202 2321 Nunc
214 2275 302 2320 totum
315 2268 443 2335 Ulyssenl
454 2268 565 2322 Veritas
579 2284 713 2338 nunquam
724 2271 802 2335 perit.

125 2337 253 2391 Scrutare
264 2344 388 2390 matrem.
423 2340 545 2391 Moeret=
556 2339 724 2401 inlacrimat,
735 2341 827 2407 gemit.

124 2408 177 2461 Sed
189 2414 217 2461 et
225 2407 279 2460 huc
291 2414 319 2459 ct
326 2409 390 2460 illuc
401 2411 496 2460 anxios
506 2424 616 2477 gressus
626 2407 720 2471 refert,
874 2408 923 2458 020

124 2480 275 2546 Missasque
285 2495 368 2530 voces
380 2495 445 2532 aure
456 2478 573 2531 sollicita
584 2479 697 2544 excipit:

123 2550 212 2617 Magis
222 2547 276 2600 hoc
285 2549 372 2610 timet,
385 2565 463 2617 qnam
475 2553 588 2599 moeret.
612 2546 723 2617 ingenio
734 2554 778 2600 est
787 2564 863 2615 opus.
874 2575 905 2584 -

124 2618 197 2670 Alios
207 2625 336 2685 parentes
349 2619 458 2687 adloqui
466 2619 494 2668 in
504 2618 580 2668 luctu
592 2618 685 2684 decet3

123 2689 185 2739 Tibi
195 2688 388 2757 gratulandum
399 2695 454 2750 est,
464 2689 578 2752 misera,
591 2688 664 2757 quod
674 2694 757 2756 gnato
770 2704 855 2749 cares,

123 2759 210 2823 Quem
221 2773 295 2810 mors
306 2759 434 2811 manebat
445 2773 542 2822 saera,
554 2760 732 2826 praecipitem
745 2759 836 2809 datum
874 2754 923 2804 025
