2150 3125
164 225 215 276 312
366 224 397 272 h.
415 219 572 272 ΑΝΝΛΕΙ
591 217 781 269 SENECAE

332 525 505 590 Acriis
548 523 792 589 TERTIUS.

336 694 579 754 nnuma,
600 693 782 741 l'HOMJS.

217 829 363 881 Deianiram,
371 832 474 888 pennula
485 829 566 873 oenotri
576 833 609 873 sd
618 831 689 873 sulm
698 827 799 884 expositi
806 827 972 886 fimoque

163 885 398 944 nncipvisntisfacto,
409 883 500 928 ronsitii
507 885 543 928 mi
547 886 656 940 podest

222 1027 242 1062 o
250 1025 337 1062 nrum.
351 977 461 1079 Vagus
472 1027 521 1078 per
533 1018 608 1062 nrtus
619 1017 694 1062 erret
704 1025 835 1062 excussos
844 1017 971 1072 tremor,-

223 1083 339 1133 Ereetus
349 1077 443 1131 horret
454 1081 549 1144 erinis3
560 1080 682 1148 impulsis
692 1078 782 1131 edituo

223 1149 285 1202 stat
294 1156 385 1200 terror
395 1151 505 1212 animis,
516 1156 546 1202 et
556 1165 605 1200 cor
615 1151 760 1201 attonitum
771 1149 842 1211 salit,

165 1223 214 1272 tto
224 1219 408 1286 Pavidumque
417 1219 531 1287 trepidis
541 1219 656 1286 palpitet
666 1220 742 1270 venis
750 1219 835 1270 iecur.

223 1291 260 1340 Ut
270 1288 373 1340 innotus
383 1289 482 1339 Austro
494 1296 594 1354 pontus
604 1289 751 1338 etiamnum
760 1294 858 1350 tumet,

224 1359 353 1421 Quamvis
365 1359 487 1424 quiescat
496 1357 630 1424 languidis
640 1359 728 1408 ventis
738 1357 809 1408 diest

222 1429 267 1479 lta
276 1443 351 1479 mens
363 1424 452 1477 adhue
460 1434 576 1478 vexetur
586 1442 700 1478 excusso
711 1423 794 1479 me'tn.

225 1495 314 1549 Semel
325 1495 449 1565 profecto
461 1511 585 1563 premere
597 1494 692 1548 felices
703 1496 771 1547 deus

167 1568 215 1617 115
227 1568 293 1619 cum
305 1567 409 1633 eoepit,
420 1575 514 1634 urget3
524 1565 574 1618 hos
585 1564 687 1618 habeut
694 1582 794 1634 mogon
805 1567 903 1616 exitus.

228 1650 269 1688 eu
277 1650 326 1687 ou.
338 1636 404 1698 Quis
415 1642 471 1687 tam
482 1637 631 1705 impotens,
642 1652 659 1687 o
670 1638 784 1739 misem,
794 1642 822 1687 te
835 1650 914 1685 onnus
924 1649 962 1684 ro

226 1790 245 1825 n
252 1788 269 1824 rt
276 1789 341 1826 ren.
351 1776 387 1827 Ut
397 1776 480 1827 missu
490 1774 563 1842 polla
573 1780 616 1826 est
626 1774 689 1825 tabe
699 1774 805 1827 Nesseo
812 1773 890 1835 iiiito,

227 1842 419 1913 Thalamisque
430 1861 556 1897 moerens
564 1844 642 1896 intuli
653 1860 775 1912 gressum
786 1845 867 1894 meis:

225 1914 325 1966 Nescio
337 1915 401 1982 quid
412 1916 516 1966 animus
526 1915 631 1976 timuit,
641 1920 670 1965 et
680 1913 805 1965 fraudem
815 1913 904 1964 struit.

167 1987 219 2035 720
231 1984 315 2034 Libet
325 1985 450 2051 experiri.
487 1984 595 2035 Solibus
606 1985 679 2035 virus
690 1982 778 2036 iorum

226 2054 407 2122 Flammisque
418 2053 520 2105 Nessus
531 2053 689 2119 sanguinem
700 2053 807 2105 ostendi
818 2053 914 2103 mouit

227 2124 280 2174 Hic
289 2125 362 2191 ipse,
372 2122 482 2175 fraudes
494 2139 567 2186 esse,
577 2124 749 2190 praemonuit
760 2122 851 2185 dolus3

227 2194 264 2243 Et
273 2192 344 2244 forte
354 2192 428 2244 nulle
438 2193 508 2243 nube
518 2208 660 2260 respersus
669 2192 749 2243 iubar

228 2260 356 2313 Laxabut
365 2263 462 2314 ordene
473 2262 606 2313 fervidum
618 2262 702 2313 Titan
711 2262 791 2314 diem.

170 2334 219 2383 125
230 2332 285 2383 Vix
296 2347 345 2382 ora
355 2330 422 2383 solvi
433 2334 535 2399 patitur
546 2333 693 2383 etiamnum
702 2333 796 2383 timor:

227 2400 334 2453 Medios
343 2402 370 2451 in
380 2402 456 2469 ignes
468 2402 532 2453 solis
543 2407 572 2452 et
582 2400 685 2452 clarum
693 2399 792 2463 funem,

229 2471 290 2531 Quo
301 2470 387 2519 tincta
397 2470 488 2523 fuerat
498 2470 570 2539 pulle
580 2472 716 2538 vestisque
726 2470 813 2534 inlita,

228 2538 356 2589 Abieotus
366 2537 461 2592 horret
471 2541 595 2608 sanguis,
605 2544 634 2592 et
643 2538 747 2591 Phoebi
758 2555 838 2591 coma

215 2612 218 2619 '
230 2606 397 2672 Tepefaotus
409 2610 495 2661 ardet
531 2608 585 2661 vix
597 2624 667 2676 queo
677 2616 827 2660 monstrum
840 2609 935 2679 eloqui.

171 2676 220 2725 730
232 2674 314 2724 Nives
325 2682 357 2723 ut
366 2677 455 2728 Eurus
466 2677 560 2740 solvit,
571 2684 619 2728 aut
630 2678 737 2745 tepidus
748 2678 846 2742 Notus,

232 2742 306 2802 Quos
316 2758 378 2793 vere
390 2748 475 2812 primo
486 2746 606 2797 lubricus
617 2748 707 2813 perdit
715 2749 827 2811 Mimas3

426 2840 440 2869 Ο
