2150 3125
352 221 505 273 MEDEA.
542 223 629 274 Aci.
648 225 668 273 l.

118 323 225 374 Primus
236 323 405 390 sceptriferis
416 324 486 375 colla
496 325 667 375 Tonantibus

69 422 72 428 ,
118 393 225 443 Taurus
237 392 309 443 celsa
319 391 391 443 ierat
401 399 510 461 tergere
521 394 649 457 candidu3

117 462 249 511 Lucinam
260 462 332 512 nivei
342 461 443 514 femina
453 465 576 530 corperis

117 532 255 581 intentata
262 531 327 599 iugc
340 532 438 598 placet.
475 534 525 594 lit,
536 534 624 599 asperi

115 601 213 651 Martis
224 603 385 668 sanguineas
396 617 465 670 quae
477 600 587 653 cohibet
597 618 700 664 manus,

118 671 194 731 Quae
206 669 253 720 det
263 670 398 739 belligeris
408 670 521 722 foedera
530 671 677 741 gentibus,-

115 740 152 790 Et
162 754 247 791 cornu
258 740 451 814 retinefflmte
463 741 580 807 cupiam,
631 736 674 786 Tin
692 735 735 771 ²1¹
746 718 767 763 ι*

116 808 555 861 Doneturteneramitiurliustie.

115 880 152 929 Et
160 884 205 941 tu,
217 879 261 946 qui
273 878 379 929 facibus
388 879 514 947 legitimis
524 878 598 941 ades,
750 908 803 971 7·-

115 946 233 999 Noctem
244 948 390 999 discutiens
400 949 511 1016 auspice
520 949 642 1011 dextera,
738 980 782 998 ..-

116 1018 179 1068 Huc
188 1004 381 1085 incedd'gradu
392 1017 527 1069 marcidus
538 1017 623 1081 ebrio,

116 1087 300 1154 Praecingess
310 1101 392 1139 roseu
402 1094 528 1155 tempora
535 1085 655 1140 viuculo!

117 1156 155 1207 Et
165 1161 210 1217 tu,
222 1170 291 1224 quae
302 1157 401 1224 gemini
412 1158 523 1224 praevia
532 1158 663 1225 temporis

118 1224 225 1286 Tarde,
236 1225 329 1288 stella,
340 1226 411 1276 sedis
422 1240 529 1293 semper
541 1226 706 1278 amantibus:

118 1295 160 1344 Te
173 1301 275 1345 matres
286 1295 393 1357 avidae,
405 1301 433 1347 te
444 1297 557 1361 cupiunt
565 1311 659 1358 nurus,

117 1364 319 1430 Quamprimum
330 1365 422 1415 radios
432 1381 560 1433 spargere
571 1364 684 1417 lucidos.

116 1432 210 1486 Vincit
219 1434 355 1500 virgineus
365 1434 448 1485 decor

117 1502 214 1570 Longe
224 1503 371 1571 cecropias
379 1518 476 1569 nurus3

118 1574 155 1623 Et
165 1588 232 1640 quas
243 1574 361 1640 Taygeti
371 1574 442 1642 iugis

117 1643 372 1694 Exercetiuvenum
381 1643 472 1705 modo,

116 1712 203 1762 Muris
215 1711 285 1779 quod
297 1719 386 1775 caret,
398 1713 540 1780 oppidum3

117 1781 154 1831 Et
165 1795 232 1847 quas
242 1781 342 1831 Aonius
352 1782 436 1844 latex,

117 1847 289 1917 Alpheosque
299 1866 377 1902 sacer
387 1851 467 1901 lavat.

118 1919 223 1970 Cedent
232 1920 347 1970 Aesonio
358 1921 429 1982 duci,

118 1987 146 2039 Si
157 1987 246 2039 forma
255 1989 320 2039 velit
331 1989 442 2055 auspici,

117 2057 212 2109 Proles
223 2057 339 2109 fulminis
349 2059 475 2126 improbi,
554 2125 556 2128 Ι

117 2129 201 2193 Aptat
211 2128 256 2194 qui
267 2129 336 2195 iuga
343 2128 470 2195 tigribus;

117 2196 254 2258 Necnon,
267 2198 311 2264 qui
323 2198 445 2265 tripodas
455 2204 555 2262 movet,
660 2249 663 2258 ,

116 2266 214 2316 Frater
223 2267 333 2334 virginis
343 2282 470 2334 asperae;

117 2335 203 2386 Cedet
214 2336 327 2386 Castore
339 2353 400 2388 cum
411 2352 460 2388 suo

117 2404 216 2455 Pollux
228 2405 364 2456 caestibus
374 2407 470 2474 aptior.

118 2473 178 2533 Sic,
189 2475 244 2536 sic,
257 2475 423 2538 coelicolae,
434 2489 540 2542 precer,

115 2543 215 2596 Vincat
224 2543 325 2596 femina
337 2547 474 2613 coniuges,

115 2613 166 2665 Vir
175 2614 255 2682 longe
267 2621 377 2681 superet
387 2613 471 2666 virosi

115 2683 194 2734 Haec
205 2699 266 2735 cum
277 2682 394 2734 feniinec
406 2684 528 2735 constitit
536 2685 565 2734 iu
577 2681 674 2736 chero:

115 2752 200 2803 Unius
210 2753 298 2803 facies
307 2755 443 2819 praenitet
454 2752 585 2806 omnibus.

177 2821 254 2873 Suu.
274 2823 379 2872 Tana.
467 2844 471 2850 ·
728 2823 749 2875 P
