2150 3125
213 206 263 258 238
420 204 453 254 L.
481 203 640 254 ANNAEl
670 202 855 255 SENECAE

212 310 263 364 485
275 311 363 377 Usque
374 325 391 359 a
402 307 520 374 perustis
531 306 624 359 Indiae
635 306 742 373 populis
753 312 846 374 agunt,

273 381 347 440 Ques
358 379 421 446 quia
430 376 534 427 referta
544 378 591 427 vix
601 377 698 427 domus
708 390 792 443 gazas
803 378 884 443 capit,

273 448 407 499 ornamus
418 460 487 497 auro
498 461 625 508 nemora,
634 444 672 495 nil
682 445 746 497 exul
754 445 803 495 tull

200 530 242 573 κ,
272 518 331 569 Nisi
342 515 435 567 fretus
446 521 535 577 artus,
546 513 597 566 hos
608 530 716 583 quoque
727 514 845 580 impendi
855 516 914 577 tibi,

274 588 336 637 Tibi
345 586 434 653 patnia
443 587 533 648 cessit,
545 585 694 651 tibi'pater,
706 582 804 646 irater,
816 585 905 651 pudor

213 658 264 708 490
275 658 336 708 Hac
347 656 411 706 dote
421 657 507 720 nupsi.
545 654 638 705 Redde
649 651 764 721 fugienti
775 669 832 705 sua.

274 739 337 776 ma.
348 726 487 775 Perimere
498 740 560 774 cum
567 729 595 774 te
605 722 687 774 vellet
695 720 811 774 infestus
822 724 918 785 Coeno,

273 796 407 846 lnacmmis
418 796 484 844 meis
497 794 616 854 evictus,
628 792 737 845 exilium
749 791 832 843 dedic

199 906 224 960 t
273 860 1018 999 titililitttiltbltgtf’tttl“iiiiii

214 1003 264 1054 495
286 1004 382 1054 Gravis
395 1004 438 1054 ira
452 1016 547 1069 regum
563 1008 605 1052 est
619 1016 734 1067 semper.
752 1001 903 1119 nehmllcc
918 1002 1019 1053 suades

737 1086 773 1119 m1
791 1087 810 1133 1,

276 1142 404 1192 Praestas
416 1142 549 1191 Creusae:
562 1140 685 1206 pellicem
695 1140 808 1191 invisam
819 1154 930 1191 amoves

275 1225 308 1260 m
315 1223 337 1261 s.
344 1209 443 1261 Medea
449 1225 556 1261 amores
564 1208 736 1261 obicitinnn.
743 1215 771 1259 ct
777 1209 890 1261 caedem
896 1215 924 1261 et
929 1210 1017 1261 dolos.

276 1293 340 1331 nas.
352 1280 477 1331 Obiicere
491 1281 592 1330 cm'men
603 1279 674 1347 quod
686 1284 765 1346 potes
775 1278 886 1331 tandem
896 1278 986 1333 mibii'

276 1362 355 1399 usn.
366 1349 553 1416 Quodcunque
565 1348 628 1399 feci.
643 1362 707 1399 ms.
719 1346 816 1400 Restat
826 1346 880 1401 hoc
890 1352 1017 1401 nnumin·
1061 1403 1064 1406 ,

720 1435 751 1469 su
772 1434 811 1483 er,

216 1490 267 1540 500
277 1488 344 1539 Tuis
354 1493 386 1539 ut
397 1488 480 1539 etiam
490 1484 637 1539 seelelibus
648 1488 711 1538 liam
722 1434 832 1540 nollens.

278 1572 357 1610 nun.
366 1559 428 1609 Tua
437 1556 496 1621 illu,
507 1563 556 1609 tua
567 1556 699 1608 suntilla=
711 1558 879 1626 mni'prodest
887 1560 986 1626 scelus,

275 1631 303 1680 ls
313 1628 387 1680 iecit.
424 1627 526 1680 Omnes
538 1628 682 1696 coniugem
691 1627 819 1681 infamem
831 1637 960 1698 arguant:

275 1699 354 1750 Solus
364 1705 454 1760 tuere,
466 1697 539 1750 solus
548 1699 684 1748 insontem
693 1712 770 1750 voca.

275 1770 339 1819 Tibi
349 1771 479 1820 innocens
489 1769 538 1830 sit,
551 1768 671 1835 quisquis
683 1773 726 1819 est
736 1784 786 1836 pro
798 1774 825 1819 te
836 1784 946 1821 nocens.

213 1839 263 1890 505
277 1852 339 1890 nas.
350 1839 462 1906 ingrata
471 1839 528 1888 vita
538 1843 594 1899 est,
606 1839 682 1888 cuius
694 1843 824 1904 acceptae
835 1839 927 1904 pudet.

273 1920 350 1958 nun.
361 1906 512 1959 Retinenda
522 1921 576 1956 non
588 1912 643 1968 est,
656 1908 731 1958 cuius
743 1914 875 1974 acceptae
885 1909 977 1974 pudet.

272 1991 334 2027 nus.
347 1977 417 2037 Quin
427 1977 518 2042 potius
526 1978 569 2027 ira
578 1978 717 2026 concitum
727 1984 823 2044 pectus
835 1977 928 2028 doma!

271 2047 387 2098 Placere
397 2044 480 2096 natis!
502 2058 580 2096 usu.
591 2045 708 2108 Abdico,
721 2047 830 2109 obium,
844 2048 942 2102 abnuo.

270 2116 341 2167 Meis
352 2115 554 2166 Creusalibem's
566 2113 664 2166 fratres
676 2115 768 2166 dabiti

211 2185 261 2237 510
273 2199 335 2236 nna
347 2185 451 2252 Regina
460 2186 531 2234 natis
541 2185 650 2236 exulum
661 2183 777 2236 adflictis
788 2191 899 2253 potens·

272 2267 349 2304 uun.
359 2253 401 2305 Ne
411 2255 502 2305 veniat
511 2269 628 2322 unquam
639 2259 695 2304 tam
706 2255 793 2306 malus
804 2257 909 2308 miseris
920 2255 987 2320 dies,

273 2325 325 2385 Qui
335 2323 410 2389 prule
421 2322 503 2375 foeda
513 2325 628 2374 misceat
639 2324 743 2389 prolem
752 2324 881 2388 inclitam,

271 2391 375 2443 Phoebi
386 2399 500 2458 nepotes
511 2391 622 2459 Sisyphi
632 2395 786 2460 nepotibus.

271 2476 334 2512 nus.
343 2463 428 2525 Quid,
440 2463 554 2523 misera,
565 2478 660 2529 meque
667 2468 749 2532 teque
757 2465 784 2514 in
791 2465 902 2515 exitium
908 2462 1013 2516 trahis?

212 2529 261 2578 515
272 2530 406 2591 Abscede,
433 2530 531 2582 uaesol
544 2544 621 2582 uun.
633 2529 787 2598 Supplicem
799 2534 902 2585 audivit
913 2535 1012 2586 Creon.

272 2611 335 2647 ms.
347 2548 630 2666 Quidlacerepossim,
643 2601 778 2668 eloquere.
797 2617 875 2653 uun.
889 2603 1012 2657 Prome?

272 2735 595 2798 nns.}lincrex,etillinc.
609 2669 1015 2796 nsxellssizltubsismaionmems.
