2150 3125
178 217 228 268 iso
356 217 388 268 L.
424 217 579 269 ANNAEI
598 217 786 268 SENECAE

236 321 398 389 Patriaeque
410 323 526 382 eineres,
537 328 619 388 teque
629 325 764 372 rectorem
776 317 916 386 Phrygum

195 390 228 441 30
239 391 325 452 Quem
337 391 423 440 Troia
433 396 492 442 toto
504 390 640 442 eonditum
652 405 736 457 regno
746 390 824 457 tegit,

236 461 363 528 Tuosque
374 473 466 510 manes
476 495 485 522 ‚
497 474 550 529 quo
561 461 637 511 stetit
646 465 736 510 stante
746 459 822 520 ilion,

236 528 273 578 Et
283 543 331 580 vos
342 543 462 584 meorum
471 528 587 582 lilim
596 529 686 596 magni
697 543 803 596 greges,

236 597 354 649 Umbrae
364 599 496 650 minoresr
508 598 637 666 quidquid
650 597 758 649 adversi
768 596 877 660 accidit,

238 666 421 736 Quaecunque
432 665 558 728 Phoebas
569 683 617 718 ore
627 665 768 733 lymphato
780 665 881 728 mrens,

193 738 226 787 35
240 735 319 788 Credi
330 735 381 787 deo
391 742 513 799 vetante,
525 735 659 803 praedixit
668 737 748 799 rnala,

236 805 316 857 Prior
326 805 441 856 iisouba
450 805 503 856 ridi
513 805 639 872 gravida,
651 822 702 858 nee
712 805 787 855 tacui
797 809 894 865 metius,

236 876 272 925 Et
281 889 351 924 vana
361 881 438 925 vates
449 880 511 925 ante
523 875 702 928 cassandram
711 873 759 924 fui.

236 942 297 995 Non
310 949 405 995 cautus
414 942 491 1011 ignes
501 940 610 1012 ithacus
621 952 668 995 aut
678 941 764 996 Ithaci
776 957 867 1009 cornea

237 1012 392 1065 Nocturnus
402 1013 429 1062 in
439 1028 487 1064 vos
497 1013 612 1082 sparsit,
623 1021 671 1065 aut
681 1013 766 1064 fallax
776 1009 872 1062 Sinon:

194 1085 228 1134 111
238 1084 317 1133 Meus
326 1082 397 1149 ignis
406 1082 459 1132 iste
470 1088 526 1144 est,
536 1079 642 1133 facibus
653 1077 754 1146 ardetis
764 1082 839 1136 meis.

238 1150 292 1202 Sed
303 1151 366 1219 quid
377 1151 467 1215 riiiuas
477 1149 552 1202 urbis
564 1166 674 1203 eversae
685 1151 780 1220 gemis,

237 1221 326 1273 vivax
335 1219 477 1271 senectus!
498 1217 822 1295 Respioe'infeiixadhos

237 1289 342 1340 Luctus
352 1294 488 1340 recentes}
500 1289 585 1340 Troia
594 1291 648 1340 iam
659 1296 736 1352 retus
746 1291 789 1340 est
798 1287 906 1353 molum.

237 1359 301 1411 Vidi
311 1358 492 1411 execrandum
501 1359 594 1429 regiae
606 1358 697 1410 caedis
708 1357 794 1423 usias,

194 1429 227 1479 45
239 1429 368 1496 ipsasque
379 1427 415 1478 ad
426 1442 487 1480 aras
498 1431 586 1499 maius
597 1428 742 1495 admissum
753 1425 841 1478 scelus

237 1498 338 1549 Aiacis:
350 1498 431 1547 armis
443 1511 503 1551 curn
514 1496 608 1560 ierox,
619 1513 701 1548 sueva
710 1512 791 1548 manu

238 1568 322 1619 Come
331 1566 474 1620 reflectens
485 1568 589 1635 regium
600 1572 674 1619 torta
684 1583 717 1619 oa
735 1574 775 1630 ut,

237 1636 298 1687 Alto
309 1635 453 1689 nefandum
466 1636 570 1687 vulneri
580 1636 682 1688 ferrum
693 1583 810 1699 aedidit3

239 1706 319 1768 Quod
328 1706 435 1774 penitus
445 1711 536 1757 actum
548 1722 609 1770 oum
619 1706 768 1773 recepisset
777 1704 872 1769 libens,

197 1775 230 1824 511
239 1775 319 1826 Ensis
329 1774 404 1825 senili
415 1776 504 1827 siccus
515 1790 530 1827 e
541 1775 634 1843 iugulo
645 1776 724 1827 redit.
789 1773 791 1782 '

239 1843 352 1895 Placere
364 1859 443 1912 quem
453 1840 507 1894 non
519 1846 609 1911 potuit
619 1860 635 1894 u
645 1843 729 1896 caede
741 1842 826 1912 effera

238 1912 362 1964 Mortalis
375 1914 434 1964 aeri
445 1914 584 1965 cardinem
594 1920 744 1965 extremum
773 1927 888 1975 remens,

240 1980 389 2050 superique
400 1986 486 2033 testes
497 1983 621 2048 sceleris,
632 1989 661 2033 et
671 1929 807 2051 quondam
818 1996 926 2042 sacrum

239 2052 325 2119 Regni
335 2050 466 2103 iacentisi
486 2052 533 2103 ilie
546 2057 589 2103 tot
598 2068 692 2121 regum
702 2067 802 2123 parens

198 2121 230 2171 ⁵5
242 2121 324 2172 Caret
334 2120 459 2187 sepulcro
470 2120 608 2184 Priamus,
620 2128 648 2172 et
658 2121 766 2172 flamma
776 2119 881 2189 indiget

239 2190 357 2241 Ardente
373 2190 467 2241 Troia.
490 2186 564 2241 ¹Non
573 2196 666 2242 tannen
677 2188 789 2259 Superis
800 2193 844 2241 sat
853 2195 908 2241 est:

240 2260 399 2321 Dominum,
411 2258 488 2311 eooei
499 2258 603 2311 Priami
612 2261 723 2311 nuribus
734 2266 762 2311 et
772 2258 862 2328 gnatis
871 2256 965 2327 legens

241 2326 362 2379 Sortitur
371 2344 446 2379 urna.
483 2328 590 2381 Praeda
601 2344 680 2397 quern
690 2329 750 2381 vilis
760 2323 875 2397 aequari

240 2396 294 2447 iiic
305 2397 434 2449 Hectoris
445 2399 572 2466 coniugia
582 2399 734 2465 despondet
744 2395 810 2461 sibi}

200 2466 233 2518 dd
243 2464 297 2515 Hie
309 2472 387 2531 optat
397 2466 494 2518 Heleni
506 2469 648 2537 coniugem
654 2487 662 2532 3
673 2464 719 2520 hie
728 2466 885 2530 Antenoris3

242 2532 299 2585 Nee
311 2532 397 2598 deest,
408 2540 484 2597 tuos,
498 2536 662 2600 cassandra,
674 2537 719 2604 qui
729 2533 863 2586 thalamos
873 2539 963 2602 potate

241 2601 307 2653 Mea
315 2617 376 2653 sors
386 2604 509 2673 timetur3
520 2605 580 2654 sola
589 2619 648 2656 surn
659 2601 761 2658 Danais
770 2610 868 2666 metus.

242 2669 377 2721 Lamenta
388 2670 511 2723 cessanti
533 2672 640 2736 Turba,
652 2676 789 2742 captivae,
801 2689 871 2736 mea,

242 2738 335 2791 Ferite
345 2738 441 2805 palmis
453 2745 580 2806 pectora,
592 2748 620 2793 et
631 2743 755 2813 planetus
766 2742 839 2805 date,
