2150 3125
212 290 261 339 278
416 287 449 336 L.
484 286 639 337 ANerlll
658 284 847 341 SENECAE

209 394 260 444 690
271 390 332 442 Non
344 396 386 443 est
395 390 526 453 lacrimis,
537 388 702 452 Cassandro,
714 391 819 455 modus,

271 461 341 522 Quia
352 474 420 527 quae
430 461 548 527 patimur
559 460 648 511 vicere
658 459 776 512 modurn.

270 529 325 582 Sed
336 546 385 580 cur
394 534 516 580 sacratus
528 528 628 597 deripis
639 527 720 596 capiti
731 528 846 584 infulosi

269 601 377 651 llllsen's
388 598 518 651 colendos
526 601 646 654 maxime
658 594 778 667 Superos
788 607 889 667 putem.

272 682 363 720 csse.
375 669 473 722 Vicere
483 674 580 721 nostra
588 670 641 719 iam
652 675 740 720 metus
753 685 845 722 omnes
856 671 938 723 mala.

210 741 260 792 695
271 739 404 806 Equidem
414 754 464 789 nec
474 736 529 789 ulla
541 737 652 789 coelites
663 738 742 805 placo
753 754 849 807 prece3

270 808 341 870 Nec,
352 809 375 858 si
385 807 468 859 velint
478 808 596 871 saevire,
609 824 662 875 quo
674 814 804 872 noceant,
816 807 925 861 habent

269 877 392 928 Fortuna
400 878 472 929 vires
482 876 544 943 ipsa
554 880 703 928 consumsit
712 894 783 928 suas.

272 948 348 1009 Quae
360 948 449 1013 patria
459 951 559 1008 restat,
570 947 629 1013 quis
640 953 731 1014 pater,
744 962 813 1017 quae
824 948 878 998 iam
889 964 971 1001 soror

270 1016 369 1068 Bibere
380 1015 475 1067 tumuli
484 1016 641 1083 sanguinem
654 1022 733 1083 atque
746 1031 809 1067 urae
820 1031 918 1069 meum.

210 1089 261 1137 roo
272 1086 344 1148 Quid
353 1085 398 1136 ills
407 1084 472 1135 felix
483 1085 565 1135 turba
575 1084 688 1137 fraterni
698 1084 806 1153 gregisi

271 1153 531 1220 Exhaustanempel
550 1158 626 1222 regia
636 1156 728 1205 miseri
738 1169 817 1207 senes

273 1226 369 1276 Vacua
379 1224 465 1275 relicti
477 1230 572 1290 totque
584 1239 634 1291 per
642 1222 777 1277 thalamos
788 1224 880 1276 vident

271 1295 386 1346 Praeter
397 1292 554 1345 Lacaenam
566 1298 671 1347 ceteras
681 1293 776 1347 viduas
788 1308 880 1345 nurus.

273 1364 330 1414 'l'ot
339 1362 386 1412 illa
394 1378 488 1431 regum
500 1370 588 1413 mater
596 1368 627 1413 et
634 1364 754 1430 regimen
765 1361 914 1431 Phrygum,

212 1433 263 1482 '105
273 1431 422 1484 Foecunda
430 1434 458 1481 in
467 1433 544 1500 ignes
555 1431 670 1483 llecuba
676 1430 815 1495 ,latorum
825 1448 910 1484 novas

272 1503 396 1570 Experto
406 1502 495 1570 leges,
504 1501 594 1551 induit
601 1502 692 1552 vultus
700 1500 793 1552 'ferosr

275 1573 354 1623 Circa
363 1573 455 1622 ruinas
466 1570 562 1622 rabida
570 1572 680 1623 latravit
690 1587 763 1635 suas,

275 1642 377 1692 Troiae
387 1648 539 1708 superstes,
550 1641 665 1692 llectori
673 1678 680 1703 ,
688 1641 813 1702 Priamo,
824 1641 883 1694 slbi.

277 1723 377 1762 cnon.
388 1709 457 1761 Silet
467 1715 578 1777 repente
590 1705 730 1772 Phoeb‘as,
741 1716 770 1761 et
781 1711 868 1777 pallor
877 1726 964 1779 genas

214 1782 265 1831 'llll
273 1780 427 1848 creberque
438 1785 526 1830 totum
536 1780 658 1846 possidet
670 1793 768 1846 corpus
778 1786 895 1846 tremor;

275 1848 383 1902 Stetere
392 1849 493 1900 vittae:
504 1848 592 1900 mollis
601 1846 736 1902 horrescit
747 1865 840 1914 coma;

275 1919 377 1971 Anhela
388 1919 473 1970 corda
481 1934 618 1970 murmure
628 1918 733 1970 incluso
744 1917 877 1984 fremunt3

275 1992 383 2040 lucerta
392 1994 490 2041 urunt
500 1989 615 2050 lumina,
627 1989 735 2040 etversi
747 1995 822 2040 retro

275 2059 451 2126 'l'orqucntur
460 2057 546 2122 oculi;
557 2073 649 2108 rursus
659 2059 776 2114 immites
786 2060 882 2126 rigent

215 2130 268 2181 'lli
278 2129 356 2180 Nunc
366 2128 440 2181 levet
450 2129 477 2179 in
488 2142 569 2178 auras
581 2127 661 2178 altior
671 2127 752 2178 solito
765 2133 856 2196 eaput,

276 2198 460 2265 Graditurque
472 2198 558 2261 celsa3
570 2213 640 2250 nunc
649 2196 906 2264 reluctantesparst

277 2269 409 2320 Reserate
419 2265 528 2330 fauces3
539 2265 622 2318 verba
632 2282 703 2317 nunc
714 2267 790 2320 cluso
801 2263 871 2320 male

276 2337 401 2389 Custodit
412 2352 460 2388 ore
470 2337 584 2388 Maenas
594 2339 739 2402 impatiens
749 2337 805 2388 del.

278 2421 317 2458 cn
324 2421 338 2458 s
346 2421 368 2458 s.
381 2407 451 2468 Quid
461 2421 505 2456 me
514 2403 615 2458 furoris
625 2407 737 2457 incitam
747 2405 861 2456 stimulis
872 2405 943 2466 noti,

216 2478 267 2526 720
281 2475 352 2537 Quid
359 2478 456 2527 mentis
466 2477 589 2542 inopem,
600 2491 679 2527 sacra
690 2474 820 2526 Parnassi
827 2475 892 2546 iuga

275 2543 398 2612 Rapitisi
422 2545 545 2608 Recede,
559 2543 684 2596 Phoebe:
694 2547 747 2596 iam
759 2560 813 2600 nou
825 2545 951 2602 sumtus.

276 2615 412 2681 Extingue
422 2613 545 2665 dammas
557 2615 664 2681 pectori
673 2615 771 2670 inlisas
781 2611 854 2664 meo!

278 2683 327 2731 Cui
338 2698 409 2733 nunc
420 2699 506 2751 vagor
516 2681 635 2735 resana!
656 2685 698 2734 cui
709 2681 831 2733 bacchor
842 2681 951 2732 lurensi

281 2751 336 2798 lam
348 2751 433 2801 Troia
445 2751 544 2803 cecidit
553 2751 635 2804 falsat
648 2753 710 2820 quid
721 2759 798 2803 vates
811 2750 880 2820 agui

219 2817 269 2867 '125
281 2817 331 2867 Ubi
343 2819 419 2868 sumi
442 2820 522 2887 Fugit
530 2819 577 2870 lux
588 2821 672 2882 alma,
684 2828 711 2872 et
723 2822 853 2873 obscurat
862 2836 947 2888 genus
