2150 3125
274 535 470 604 ACTUS
508 537 748 604 PRIMUS.

287 711 510 770 ommis,
534 712 740 759 locml.

168 811 264 868 (leupus
275 815 301 855 ele
307 812 379 869 pato
389 813 488 856 saeuitia
499 813 647 870 conqueritur.

109 939 126 973 o
134 937 152 973 u
160 938 188 974 o.
217 889 282 972 lam
293 927 375 972 nocte
388 923 471 973 Titen
483 921 580 973 dubius
592 921 704 988 expulso
714 924 794 987 redit,

110 996 148 1045 Et
159 993 229 1044 nube
240 998 376 1044 moestum
386 991 510 1060 squalida
519 993 641 1043 exoritur
650 993 729 1044 iubar

110 1065 271 1132 Lumenque
282 1061 391 1113 flemma
401 1063 480 1113 triste
490 1063 611 1114 luctifico
620 1078 718 1131 gerens

110 1135 267 1199 Prospiciet
277 1131 439 1200 avidopeste
450 1133 553 1184 solutes
565 1133 671 1195 domos,

111 1203 307 1272 stragemque,
319 1219 398 1270 quam
412 1217 467 1254 nox
477 1202 557 1266 lecit,
569 1202 696 1255 ostendet
705 1206 771 1257 (lies.

113 1275 297 1341 Quisquamne
309 1289 393 1340 regno
404 1272 522 1342 goudetl
534 1275 557 1324 0
569 1273 652 1325 fallax
663 1273 773 1339 bonum,

114 1347 250 1406 Quantum
262 1343 395 1394 melorum
407 1343 497 1394 fronte
510 1359 590 1412 quam
599 1344 701 1396 blenda
709 1348 792 1415 tegis.

114 1417 150 1466 Ut
156 1414 211 1464 alta
221 1420 318 1464 ventos
330 1429 438 1480 semper
449 1415 588 1481 excipiunt
598 1415 663 1483 iuga

114 1487 271 1552 Rupemque
283 1485 357 1535 sexis
368 1491 448 1536 vesto
457 1485 628 1537 diiimentem
639 1484 720 1551 freta,

113 1555 243 1620 Quamvis
250 1555 348 1623 quieti,
359 1555 506 1607 verberant
513 1553 612 1607 lluotus
622 1557 717 1609 maris:

113 1628 231 1693 imperia
242 1626 281 1677 sic
293 1626 402 1678 excelse
411 1626 550 1678 Fortunae
562 1627 698 1678 obiacent.

114 1699 202 1758 Quam
214 1697 283 1748 bene
295 1698 414 1764 parentis
426 1702 535 1763 sceptra
546 1696 645 1763 Polybi
656 1696 789 1765 lugerem,

112 1770 189 1818 Curis
201 1766 307 1817 solutus
318 1767 393 1830 exul,
404 1767 570 1836 intrepidus,
581 1782 682 1818 vacans
692 1766 699 1817 l

111 1837 224 1889 Coelum
232 1838 353 1905 deosque
365 1843 466 1901 testor,
476 1838 503 1888 in
514 1852 627 1906 regnum
639 1838 730 1889 incidi.

111 1906 227 1959 infanda
237 1908 335 1970 timeo,
346 1923 379 1959 ne
390 1924 452 1960 mea
481 1909 571 1959 enitor
581 1924 662 1959 manu

110 1979 274 2029 perimatur.
296 1978 358 2029 Hoc
369 1994 412 2030 me
423 1924 575 2045 Delphicae
586 1979 679 2030 laurus
689 1988 811 2038 monent,

109 2049 242 2117 ,illudque
254 2048 332 2099 nobis
344 2050 430 2100 maius
441 2047 564 2100 indicunt
575 2049 673 2101 scelus.

108 2121 160 2171 Est
172 2120 260 2169 maius
275 2118 383 2186 aliquod
395 2124 472 2187 petre
488 2124 609 2171 mactato
621 2118 716 2171 nelasl

108 2190 165 2240 Pro
177 2191 277 2241 misera
287 2188 392 2256 pietasl
404 2190 494 2258 eloqui
507 2187 594 2240 fatum
607 2190 704 2257 pudet:

108 2259 259 2311 'l‘halamos
271 2260 392 2325 parentis
398 2258 525 2310 Phoebus
536 2267 565 2311 et
576 2260 649 2310 diros
661 2265 738 2310 toros

110 2330 202 2381 Gnuto
214 2333 345 2381 minatur:
356 2328 641 2398 impiainoestosface.

107 2401 163 2451 Hic
174 2416 217 2453 me
228 2400 349 2468 palemis
361 2399 465 2467 expulit
475 2401 667 2469 regnistimor:

107 2470 170 2521 Non
182 2487 234 2539 ego
245 2474 359 2539 penates
365 2469 497 2540 profugus
509 2471 615 2522 excessi
624 2486 715 2531 meos,-

108 2542 275 2609 Parumipse
286 2539 373 2592 fidens
383 2538 507 2593 mihimet
515 2543 542 2591 in
553 2545 614 2591 tuto
624 2546 681 2603 tua,

109 2610 230 2675 Natura,
242 2612 320 2679 posui
331 2612 400 2663 iuro.
412 2613 477 2663 Cum
487 2626 588 2679 magna
597 2608 724 2664 horreas:

111 2683 187 2744 Quae
199 2698 281 2750 posse
293 2682 351 2733 fieri
362 2698 416 2733 non
427 2688 520 2749 putes,
532 2687 746 2733 motuastamen.

110 2753 216 2803 cuncta
227 2766 395 2819 expavesco,
406 2768 503 2819 meque
516 2767 568 2801 non
584 2752 666 2802 eredo
677 2750 751 2802 mihi.

110 2824 223 2874 lamiam
237 2821 336 2889 aliquid
349 2823 375 2870 in
385 2836 436 2871 nos
446 2820 504 2872 iata
515 2822 603 2871 moliri
617 2826 725 2887 parant:

903 1208 918 1256 5
