2150 3125
275 211 558 265 HlPPOLYTUS.
595 215 739 268 ACTll.
857 219 908 272 119

108 315 214 367 Ventos
225 323 381 382 sequantur.
418 316 512 368 Laevo
521 334 552 368 se
562 316 706 385 pharetrae
715 321 802 372 dabit:

107 385 214 436 Hostile
225 384 314 436 vibret
325 386 422 437 dextra
433 384 621 440 Thessalicum
631 405 734 440 manus.

107 455 185 505 Talis
196 457 283 506 severi
295 463 383 506 mater
393 455 536 522 Hippolyti
547 457 607 509 fuit.

108 526 218 588 Qualis,
229 525 329 576 relictis
341 525 430 592 frigidi
442 528 518 592 ponti
530 527 630 594 plagis,
857 533 909 582 400

109 596 175 662 Egit
185 601 325 655 catervas,
336 595 454 645 Atticum
466 596 576 662 pulsans
587 598 684 662 solum,

110 665 235 715 Tanaitis
245 671 293 713 aut
303 665 435 726 Maeotis,
447 672 476 715 et
486 665 558 717 nodo
572 682 664 718 comas

111 735 209 802 Coegit
221 735 378 801 emisitque,
388 733 483 785 lunata
493 735 566 786 latus

110 805 243 854 Proteota
252 803 337 870 pelta:
350 803 411 854 talis
421 804 448 854 in
459 804 541 854 silvas
551 803 637 858 ferar!

109 887 211 924 suun.
224 871 338 938 ‘Sepone
350 873 613 940 questusznonlevat
623 878 736 927 miseros
746 877 836 942 dolor;
857 880 908 928 405

108 945 224 1010 Agreste
233 941 313 1009 placa
323 943 432 1010 virginis
442 959 541 994 numen
550 943 626 995 deae.

109 1013 215 1080 Regina
224 1027 378 1072 nemorum,
389 1012 449 1064 sola
458 1028 528 1080 quae
539 1020 645 1064 montes
656 1015 732 1077 colis,

111 1083 147 1132 Et
157 1096 211 1132 una
221 1081 285 1132 solis
296 1080 431 1132 montibus
443 1082 539 1133 coleris
551 1083 610 1144 dea,

110 1153 245 1202 Converte
255 1152 348 1202 tristes
360 1151 477 1202 ominum
488 1152 515 1202 in
525 1152 621 1204 melius
631 1153 729 1206 minas!

110 1222 134 1272 0
147 1234 246 1288 magna
256 1219 336 1270 silvas
346 1220 417 1272 inter
428 1226 457 1271 et
465 1219 542 1272 lucos
555 1221 614 1283 dea,
858 1227 909 1274 410

110 1290 271 1357 Clarumque
282 1289 352 1342 coeli
362 1289 436 1341 sidus
447 1295 475 1340 et
484 1291 572 1342 noctis
583 1292 676 1354 decus,

110 1361 192 1410 Cuius
203 1359 306 1410 relucet
316 1359 430 1410 mundus
442 1360 547 1410 alterna
557 1359 627 1424 lace,

110 1430 217 1480 Hecate
229 1428 372 1492 triformis,
384 1444 426 1490 en,
439 1429 503 1480 ades
515 1433 620 1496 coeptis
632 1430 739 1483 favens!

109 1500 233 1549 Animum
245 1499 377 1566 rigentem
388 1500 473 1550 tristis
483 1499 627 1567 Hippolyti
639 1500 732 1552 doma!

109 1572 207 1620 Amare
219 1569 319 1630 dmoat,
331 1574 439 1619 mutuos
449 1570 525 1637 ignes
536 1570 616 1632 ferat,
857 1574 908 1623 445

7 1687 12 1700 ,
109 1640 165 1689 Det
175 1638 262 1689 facilis
274 1637 365 1689 aures!
386 1638 485 1708 Mitiga
495 1648 590 1707 pectus
602 1639 701 1703 lerum

109 1709 222 1759 lnneete
234 1712 359 1759 mentem.
396 1710 517 1771 Torvus,
529 1724 654 1770 aversus,
664 1707 754 1772 ferox,

110 1778 140 1827 ln
150 1779 211 1827 iura
221 1776 336 1830 Veneris
347 1777 449 1829 redeat.
486 1778 548 1830 lino
560 1780 630 1829 vires
641 1785 703 1830 tuas

110 1846 232 1898 lntende.
269 1844 314 1897 Sic
324 1852 352 1897 te
362 1846 443 1898 lucidi
454 1847 544 1899 vultus
555 1847 654 1911 ferant,

112 1919 146 1967 Et
156 1916 226 1967 nube
235 1922 317 1982 rupta
328 1916 453 1968 cornibus
466 1918 541 1985 puris
553 1932 607 1971 eas.
857 1922 909 1970 420

111 1985 157 2038 Sic
167 1992 209 2047 te,
227 1992 366 2053 regentem
377 1984 456 2037 frena
466 1988 591 2039 nocturni
602 1985 729 2050 aetheris,

109 2053 263 2106 Detrahere
275 2071 410 2124 nunquam
421 2054 545 2109 Thessali
559 2064 654 2108 cantus
666 2064 774 2123 queant,

109 2125 258 2192 Nullusque
270 2124 303 2177 de
313 2131 342 2177 te
351 2123 466 2193 gloriam
477 2132 573 2195 pastor
583 2126 663 2178 ferat

107 2196 179 2246 Ades
188 2196 329 2258 invocata3
339 2195 394 2246 inm
404 2194 478 2247 faves
490 2196 574 2257 votis,
585 2196 649 2248 dent

109 2267 200 2331 Ipsum
210 2265 302 2315 intuor
312 2263 430 2316 solemne
441 2271 616 2317 venerantem
627 2279 742 2326 sacrum,
856 2268 907 2317 425

109 2334 189 2385 Nullo
200 2334 272 2385 latus
284 2334 439 2385 comitante.
475 2335 546 2395 Quid
557 2333 681 2386 dubitasl
700 2334 775 2385 dedit

110 2406 231 2469 Tempus
240 2402 384 2470 locumque
395 2419 487 2455 casus:
498 2404 628 2456 utendum
640 2404 751 2454 artibus.

108 2472 306 2538 Trepidamusl
321 2472 404 2524 Haud
416 2472 548 2549 estlacile
558 2473 714 2525 mandatum
725 2474 813 2525 scelus

105 2543 227 2607 Audere3
238 2558 331 2595 verum
341 2544 428 2605 iusta,
438 2544 483 2611 qui
493 2558 573 2611 reges
584 2544 670 2604 timet,

108 2616 249 2681 Deponat3
262 2630 340 2665 omne
351 2613 436 2681 pellat
446 2628 480 2665 ex
492 2614 581 2665 animo
593 2612 687 2663 decus:
854 2613 905 2662 430

108 2685 196 2735 Malus
209 2691 251 2735 est
260 2683 383 2735 minister
393 2684 460 2751 regii
469 2683 573 2750 imperii
587 2683 682 2747 pudor.
