2150 3125
215 209 266 260 350
389 206 440 274 [L.
471 206 629 257 nannai
647 205 861 278 SENECAE]

274 311 382 378 Spernit
394 309 514 378 Superos
524 309 701 377 hominesque
713 313 805 376 simul;

271 381 329 432 Nec
338 380 475 431 fortunam
486 382 560 445 capit
569 381 629 446 ipse
638 395 725 440 mam,

227 453 260 502 00
273 451 359 512 Quam
374 450 450 501 dedit
459 449 497 500 illi
509 463 558 516 per
567 448 656 500 seelus
665 451 762 517 ingens

270 518 500 585 infandaparens.
519 518 600 569 Licet
609 521 748 586 ingratum

269 589 353 640 Dirae
366 588 467 654 pudeat
478 603 589 639 munere
600 590 695 639 matris

270 660 331 710 Hoc
342 660 484 726 imperium
496 659 616 724 cepiss03
627 658 693 709 licet

269 730 388 779 Tantum
399 743 494 778 munus
505 729 594 778 morie
605 727 750 794 rependam

225 800 259 852 00
270 799 352 850 Feret
362 796 433 848 hunc
445 796 553 847 titulum
564 805 628 864 post
637 795 697 848 iata
706 804 799 850 tamen

267 869 381 920 Femina
391 868 473 935 longo
483 882 591 933 semper
600 869 627 917 ia
637 881 714 918 aevo.

269 952 336 990 aur
343 951 370 988 a
380 938 467 988 Animi
478 937 565 988 retine
575 937 659 988 verba
668 935 797 989 furentis}

270 1009 387 1059 Temere
398 1007 523 1057 emissam
534 1009 685 1072 comprime
694 1008 805 1059 roeeml

271 1090 343 1127 our.
372 1075 528 1128 Toleranda
547 1078 658 1144 quaeris
676 1078 777 1142 patiar:
806 1075 879 1129 haud
895 1098 1022 1152 unquam

724 1152 809 1197 ueant

210 1221 260 1268 100
272 1216 330 1268 Nisi
342 1221 429 1268 morte
439 1215 510 1266 tristi
521 1221 616 1265 nostra
625 1212 698 1266 finiri
708 1162 789 1268 {nala

271 1286 409 1338 Genitrice
420 1300 514 1347 caesa,
525 1298 575 1351 per
584 1285 673 1335 scelus
684 1294 766 1352 rapto
774 1292 861 1352 patre,

270 1357 375 1409 Orbata
384 1354 483 1418 fratre,
495 1354 622 1416 miseriis,
633 1354 709 1405 luetu
719 1355 826 1418 obruta,

269 1427 399 1477 Moerore
410 1439 517 1492 pressa,
529 1424 639 1492 coniugi
647 1425 748 1485 inrisa,
761 1440 795 1475 ao
804 1439 882 1474 meae

271 1494 400 1547 Subiecta
409 1493 542 1556 famulae,
553 1493 613 1543 lues
624 1508 677 1544 non
688 1500 768 1561 grata
778 1493 863 1556 fruor,

211 1567 260 1618 105
273 1566 439 1633 Trepidante
451 1578 560 1631 semper
570 1563 666 1625 eorde,
678 1581 732 1615 non
742 1567 838 1615 mortis
848 1572 935 1626 metu,

270 1635 324 1688 Sed
335 1634 452 1687 sceleris.
470 1633 547 1685 Absit
557 1635 659 1684 crimen
669 1649 686 1684 a
697 1633 846 1697 taurinen,

268 1706 341 1756 Mori
351 1705 468 1757 iurabit:
479 1717 569 1770 poena
578 1718 640 1753 nam
651 1705 761 1771 gravior
771 1720 838 1756 nece
848 1712 892 1755 est

267 1774 369 1827 Videre
379 1773 497 1825 tumidos
509 1779 537 1823 et
547 1779 639 1823 truees
649 1774 765 1825 miserae
775 1771 840 1824 mihi

267 1844 367 1897 Vultus
376 1845 499 1911 tyranni,
509 1845 622 1910 iungere
634 1848 715 1909 atque
726 1842 798 1895 hosti
809 1843 914 1907 oseula3

208 1918 258 1966 110
268 1916 379 1966 Timere
390 1920 484 1977 nutus,
498 1914 574 1963 cuius
586 1912 744 1980 obsequium
754 1930 830 1965 meus

268 1984 349 2036 Haud
360 1983 432 2035 ierre
444 1990 537 2049 posset
548 1980 607 2032 fata
618 1988 681 2049 post
691 1981 785 2034 fratris
797 1982 884 2045 dolor,

267 2054 377 2106 Scelere
387 2053 539 2114 interemti,
552 2052 628 2102 euius
638 2054 780 2119 imperium
791 2059 867 2105 tenet

266 2125 303 2176 Et
313 2130 401 2175 morte
411 2122 514 2191 gaudet
524 2127 621 2172 auctor
628 2120 756 2173 infandae
766 2124 848 2174 neeis.

268 2196 355 2257 Quam
366 2207 448 2258 saepe
459 2192 545 2243 tristis
555 2191 651 2241 umbra
660 2193 781 2258 germani
793 2195 860 2245 meis

206 2265 256 2316 115
269 2263 390 2316 offertur
402 2262 499 2322 oeulis,
511 2260 633 2311 membra
643 2276 703 2312 eum
715 2261 795 2313 solvit
805 2266 890 2330 quies,

266 2335 302 2385 Et
313 2331 386 2385 fessa
395 2330 461 2383 fletu
473 2331 575 2381 lumina
584 2332 721 2397 oppressit
731 2331 826 2399 sopori

264 2403 349 2453 Modo
361 2401 466 2452 facibus
478 2402 544 2451 atria
555 2407 643 2451 armat
652 2401 775 2452 infirmas
785 2417 889 2466 manus,

265 2472 418 2537 Oculosque
430 2477 459 2521 et
470 2484 520 2521 ora
529 2468 622 2520 fratris
632 2469 747 2522 infestus
758 2473 840 2537 petit3

263 2539 347 2590 Modo
357 2539 479 2605 trepidus
489 2538 561 2589 idem
572 2538 673 2607 refugit
682 2542 709 2590 in
720 2539 854 2592 thalamos
866 2559 959 2610 meos3

204 2610 254 2656 120
265 2607 442 2673 Persequitur
451 2606 551 2669 hostis,
563 2613 645 2675 atque
654 2608 806 2662 inhaerenti
815 2610 881 2662 nrihi

264 2675 406 2727 Violentus
417 2691 509 2727 ensem
520 2676 651 2742 perlatus
662 2685 784 2729 nostrum
793 2682 875 2747 rapit.

266 2742 346 2792 'l'une
356 2749 460 2795 tremor
470 2752 498 2795 et
507 2746 603 2813 ingens
614 2749 719 2799 excutit
729 2764 840 2801 somnos
849 2766 948 2819 pavor,
