2150 3125
298 174 454 227 MEDEA.
490 176 577 225 ACT.
597 175 654 225 lll.'

78 280 185 331 Mutare
196 278 290 343 sedes;
302 294 386 329 eausa
395 277 514 345 fugiendi
527 294 597 328 nova
608 286 661 329 est:

77 350 132 400 Pro
142 354 169 399 te
180 346 303 399 solebam
313 347 416 415 lugere.
442 348 587 411 Discedo,
599 364 677 401 exeo.

76 418 222 469 Penatibus
232 416 378 484 profugere
389 432 469 485 qnam
480 418 556 485 aegis
566 418 629 480 tuis,

76 488 114 537 nd
127 502 194 555 quos
204 485 337 537 remittis!
356 484 458 537 Phasin
469 493 498 537 et
508 486 625 538 Colchos
636 493 726 554 petam

76 557 250 623 Patr-lamque
262 571 387 624 regnum,
399 572 523 623 quaeque
534 556 671 607 fraternus
682 572 758 607 crum

76 624 200 676 Perfudit
210 624 292 675 arva!
314 627 388 688 Quas
418 628 455 675 eti
464 632 552 677 terras
563 624 657 677 iubesl

79 696 153 757 Quae
163 696 250 745 maria
260 701 394 745 monstras
431 694 539 745 Pontici
551 695 644 751 laudes
654 694 727 756 freti,

76 765 131 816 Per
141 779 207 831 quas
218 766 310 815 revexi
320 764 424 815 nobiles
435 780 531 831 regum
539 779 644 825 manus,

77 833 233 885 Adulterum
243 840 338 885 secuta
348 850 397 900 per
408 832 622 901 Symplegadasl

76 905 228 955 Parramne
238 903 343 965 loiron,
356 902 489 955 Thessala
499 918 533 952 an
546 904 649 968 Tempe
660 902 768 967 petam!

79 975 259 1039 Quaecunque
270 974 363 1039 aperui
375 972 423 1021 tibi
434 973 505 1033 rias,
518 972 586 1023 clusi
596 969 669 1021 mihi.

79 1044 139 1105 Quo
151 1056 194 1091 me
205 1040 337 1091 remittis?
359 1041 439 1091 Eruli
449 1040 558 1091 exilium
568 1041 695 1106 imperas,

77 1110 137 1162 Nee
146 1110 204 1161 das.
241 1112 334 1161 Eatur.
369 1110 469 1177 Regius
479 1110 560 1160 iussit
570 1125 666 1177 gener:

77 1178 151 1231 Nihil
160 1194 267 1231 meuse.
302 1179 628 1246 Dirasupplieiaingere:

76 1248 176 1300 Merui.
212 1249 336 1300 cruentis
346 1248 470 1313 pellicem
480 1248 575 1314 poenis
587 1252 692 1315 premat

76 1317 187 1386 Regalis
196 1319 251 1380 ira,
261 1318 373 1374 vinculis
384 1324 479 1367 oneret
489 1332 595 1378 manus,

78 1386 238 1455 claramque
249 1402 316 1437 saxo
327 1387 415 1437 noetis
427 1392 555 1437 aeternae
567 1386 678 1437 obruat:

77 1456 188 1507 illinere
197 1457 300 1507 meritis
310 1457 408 1525 patiar.
419 1483 450 1493 -
463 1456 604 1523 ingratum
616 1454 709 1522 eaput!

78 1524 212 1578 Revolvat
222 1526 326 1578 animus
334 1526 430 1594 igneos
441 1527 513 1577 tauri
525 1523 633 1588 halitus,

10 1591 15 1596 ’
76 1599 205 1716 mue
216 1611 312 1647 saevos
322 1596 411 1664 gentis
421 1595 569 1648 indomitae
580 1602 669 1646 metus

142 1665 148 1678 '
163 1679 211 1716 ern
220 1666 248 1715 in
259 1680 325 1716 arro
335 1663 488 1716 flammeum
500 1666 601 1716 Aeetae
612 1679 705 1731 pecus,

78 1735 228 1802 Hestisque
239 1735 319 1785 subiti
330 1734 398 1785 tela:
410 1749 471 1786 cum
479 1735 555 1785 iussu
565 1751 626 1787 meo
669 1797 672 1804 Ι

77 1805 230 1872 Terrigena
240 1804 317 1855 miles
327 1809 421 1854 mutua
434 1804 517 1854 caede
529 1805 639 1856 occidit.

77 1874 161 1925 Adice
172 1874 293 1940 expetita
303 1871 391 1938 spolia
401 1869 512 1924 Phrixei
523 1873 625 1935 arietis,

77 1943 235 2010 Somnoque
244 1943 347 1993 iussum
356 1942 458 1992 lumina
466 1943 560 2010 ignoto
573 1942 639 1994 dare

76 2013 203 2063 lnsomne
214 2018 378 2074 monstrum
388 2010 519 2061 traditum
529 2010 644 2062 fratrem
656 2011 725 2072 neci,

77 2083 116 2132 Et
126 2081 230 2133 scelere
240 2082 269 2130 in
278 2096 333 2130 uno
344 2095 398 2130 non
410 2081 495 2132 semel
504 2079 610 2134 factum
621 2080 722 2142 saelum

75 2153 223 2218 lussasqne
232 2155 324 2213 natas,
334 2149 430 2200 fraude
441 2149 570 2234 deceptas
580 2165 652 2212 mea,

76 2220 179 2272 Secare
188 2219 310 2272 membra
319 2233 374 2272 nnn
384 2221 512 2271 revictum
523 2222 605 2272 senis.

75 2290 172 2341 Aliena
182 2304 315 2358 quaerens
323 2304 421 2357 regna,
433 2288 541 2340 deserui
551 2305 622 2340 men.

75 2360 132 2411 Per
143 2375 206 2427 spes
215 2365 323 2410 tuorum
333 2358 448 2410 liberum
459 2364 600 2410 etcertum
613 2359 708 2419 larem,

75 2429 133 2479 Per
142 2429 215 2479 victa
225 2434 361 2490 monstra,
371 2443 420 2495 per
430 2443 539 2491 manus,
552 2443 601 2493 pro
612 2431 642 2478 ie
655 2427 749 2494 quibus

76 2498 222 2567 Nunquam
234 2499 357 2565 peperci,
369 2513 470 2565 perque
481 2499 646 2563 praeteritae
658 2503 753 2557 metus,

75 2568 132 2619 Per
142 2567 246 2618 eoelum
258 2573 286 2619 et
295 2567 394 2630 undas,
407 2568 515 2633 coniugi
525 2572 610 2618 testes
621 2568 685 2627 mei,

74 2635 223 2688 Miserere!
233 2636 317 2688 redde
327 2637 442 2703 supplici
451 2636 516 2687 felix
527 2637 612 2686 ricem

75 2706 119 2758 llx
131 2706 227 2772 opibus
237 2705 304 2768 illis,
315 2721 382 2772 quas
392 2705 487 2773 procul
497 2711 593 2776 raptas
603 2703 725 2768 Scythae
