2150 3125
199 221 251 273 25²
371 221 405 271 L.
440 221 598 272 ANNAEI
618 218 808 273 SENECAE

259 326 296 377 Et
305 324 394 377 fervet
405 325 504 375 odium.
531 325 642 391 Repetit
651 326 764 377 invitam
775 340 884 377 manum

257 398 375 463 Antiqua
384 395 510 461 Erinnys.
547 395 603 457 ira,
616 410 670 463 qua
680 396 769 457 ducis,
782 412 893 465 sequor.

258 466 365 516 Utinam
377 464 512 531 superbae
523 464 605 515 turba
616 464 776 517 Tantalidos
788 480 848 518 meo

258 536 365 586 Exisset
377 535 519 595 utero‚bis
537 550 573 585 ue
581 540 708 600 septenos
720 550 818 601 parens

197 606 247 655 945
259 605 364 656 Gnatus
374 602 509 655 tulissem!
552 604 637 654 terilis
647 606 675 655 in
686 619 788 670 poenas
800 604 846 656 fui.

256 675 346 725 Fratri
357 675 482 741 patrique
493 674 565 741 quod
577 681 620 724 sat
631 679 686 736 est,
697 677 790 741 peperi
799 675 877 726 duos.

259 745 384 805 Quonam
394 744 542 795 istatendit
552 744 633 795 turba
642 744 785 795 Furiarum
795 745 947 811 impotens?

258 815 345 876 Quem
356 814 475 882 quaerit,
487 820 534 864 aut
546 828 599 881 quo
611 812 751 865 flammeos
761 816 832 865 ictus
844 814 939 881 parati

256 886 310 934 Aut
319 884 361 935 cui
374 889 499 934 cruentas
511 898 607 951 agmen
618 882 752 940 infernum
763 883 839 935 iaces

198 954 248 1004 959
260 952 396 1005 lutentati
417 954 515 1021 ingens
526 955 621 1021 anguis
632 968 746 1005 excusso
757 961 838 1005 sonat

258 1024 362 1074 Tortus
372 1022 489 1090 flagello.
528 1023 614 1084 Quem
625 1023 703 1075 trabe
713 1022 813 1075 infesta
823 1025 892 1090 petit

258 1090 406 1161 Megaeral
426 1092 502 1142 cuius
512 1092 610 1151 umbra
621 1093 748 1159 dispersis
759 1096 833 1144 venit

259 1165 367 1214 incerta
377 1160 523 1213 membu'sl
536 1162 635 1215 Frater
646 1160 699 1214 est!
721 1179 822 1229 poenas
833 1164 909 1230 petit.

260 1234 405 1294 Dabimus,
416 1231 465 1283 sed
477 1230 584 1283 omnes!
602 1233 669 1300 Fige
679 1232 823 1284 luminibus
835 1233 911 1285 faces

75 1350 79 1358 ,
94 1310 121 1347 r>
133 1347 145 1372 x
200 1303 250 1353 955
260 1300 362 1353 Lania!
374 1302 486 1369 perure!
502 1302 605 1357 Pectus
617 1318 664 1364 en,
676 1301 753 1353 iuriis
765 1303 854 1369 patet!
865 1332 897 1341 —

260 1372 410 1423 Discedere
421 1387 502 1435 ame,
513 1371 735 1443 frateh,ullripes
747 1373 821 1443 deas,

260 1444 410 1509 Manesque
421 1442 455 1492 ad
466 1442 536 1493 imos
546 1443 586 1493 ire
597 1440 807 1494 securasiiibes'

259 1510 328 1564 Mihi
339 1528 382 1565 me
391 1510 527 1580 relinque,
538 1518 567 1563 et
578 1519 655 1565 utere
665 1510 729 1576 hac,
741 1512 839 1576 frater,
850 1527 940 1574 manu,

260 1585 337 1645 Quae
351 1583 460 1633 strinxit
469 1598 570 1634 ensem.
607 1583 726 1635 Victima
735 1599 828 1635 manes
838 1589 901 1634 tuos

199 1652 249 1703 969
260 1652 404 1704 Placamus
413 1653 475 1703 ista.
513 1653 584 1714 Quid
595 1668 692 1719 repens
705 1652 794 1704 adfert
804 1651 903 1706 sonus?

258 1722 394 1773 Parantur
404 1737 492 1785 arma,
504 1738 600 1790 meque
610 1721 638 1773 in
650 1722 760 1773 exitium
771 1728 875 1790 petunt.

257 1793 375 1845 Excelsa
385 1798 496 1844 nostrae
507 1798 583 1844 tecta
594 1791 776 1844 conscendam
787 1793 883 1844 domus

258 1863 348 1915 Caede
358 1860 495 1914 inchoata.
531 1862 621 1930 Perge
632 1868 661 1913 tu
671 1877 791 1925 mecum,
803 1859 906 1914 comes!

257 1934 347 1984 Tuum
358 1947 466 2000 quoque
476 1933 537 1998 ipsa
549 1946 647 1998 corpus
658 1929 720 1982 hinc
732 1947 838 1984 mecum
850 1927 971 1983 avebam.

196 2001 246 2053 965
258 2002 336 2052 Nunc
347 1999 401 2052 hoc
412 2017 476 2070 age,
488 2000 590 2052 anime!
611 2000 672 2053 Non
683 2003 710 2052 in
721 2001 829 2053 occulto
840 2001 890 2052 tibi
901 2007 942 2051 est

256 2071 400 2123 Perdenda
409 2072 508 2134 virtus3
519 2070 643 2138 adproba
652 2072 753 2138 populo
765 2087 881 2122 manum.

257 2156 320 2193 sss.
332 2142 492 2209 Quicunque
504 2156 598 2208 regom
608 2140 728 2192 cladibus
740 2141 809 2192 iidus
822 2141 907 2203 doles,

256 2213 408 2273 Concurre,
419 2217 450 2262 ut
459 2212 548 2278 ipsam
559 2211 669 2262 sceleris
681 2218 822 2262 auctorem
832 2209 934 2262 horridi

256 2283 413 2348 capiamus,
426 2281 503 2343 Huc,
514 2277 581 2343 huc,
593 2279 686 2343 fortis,
698 2281 832 2343 armiferi,
845 2279 952 2342 cohors,

195 2351 246 2401 910
257 2349 386 2402 Conferte
396 2349 464 2402 tela!
479 2351 578 2402 vertite
589 2364 623 2402 ex
632 2351 686 2401 imo
699 2349 820 2402 domum!

256 2435 298 2468 uu
306 2435 335 2470 n.
347 2422 459 2471 lamiam
469 2421 562 2486 recepi
572 2426 689 2486 sceptra,
700 2435 867 2488 germanum,
879 2427 997 2486 patrem,

256 2488 430 2556 Spoliumque
443 2487 537 2541 Colchi
548 2489 659 2555 pecudis
671 2496 783 2542 auratae
795 2489 900 2542 tenent!

256 2557 371 2608 Rediere
382 2557 479 2626 regna!
498 2564 580 2625 rapta
589 2560 729 2627 virginitas
740 2559 823 2611 redit!

258 2627 281 2675 0
292 2624 399 2691 placida
409 2627 519 2679 taudem
529 2628 651 2680 numina!
674 2645 690 2680 o
703 2628 802 2682 festum
813 2629 896 2680 diem!

198 2693 249 2745 915
260 2693 284 2744 0
295 2694 455 2760 nuptialem!
476 2695 568 2748 Vade:
580 2697 731 2763 perfectum
743 2707 785 2750 est
795 2699 895 2761 scelus3

260 2761 389 2814 Vindicta
398 2764 526 2816 nondum.
563 2766 683 2834 Perage,
696 2770 758 2818 dum
772 2769 876 2820 faciunt
889 2769 996 2818 manus!
