<?xml version="1.0" encoding="UTF-8"?>
<!DOCTYPE html PUBLIC "-//W3C//DTD XHTML 1.0 Transitional//EN"
    "http://www.w3.org/TR/xhtml1/DTD/xhtml1-transitional.dtd">
<html xmlns="http://www.w3.org/1999/xhtml" xml:lang="en" lang="en">
 <head>
  <title>
</title>
<meta http-equiv="Content-Type" content="text/html;charset=utf-8" />
  <meta name='ocr-system' content='tesseract 3.04.00' />
  <meta name='ocr-capabilities' content='ocr_page ocr_carea ocr_par ocr_line ocrx_word'/>
</head>
<body>
  <div class='ocr_page' id='page_1' title='image "./lannaeisenecaet05senegoog_0311.png"; bbox 0 0 2150 3125; ppageno 0'>
   <div class='ocr_carea' id='block_1_1' title="bbox 168 193 873 258">
    <p class='ocr_par' dir='ltr' id='par_1_1' title="bbox 168 193 873 258">
     <span class='ocr_line' id='line_1_1' title="bbox 168 193 873 258; baseline 0.018 -13"><span class='ocrx_word' id='word_1_1' title='bbox 168 193 392 247; x_wconf 81' lang='lat' dir='ltr'>HERCULES</span> <span class='ocrx_word' id='word_1_2' title='bbox 421 196 733 254; x_wconf 60' lang='lat' dir='ltr'><strong>omittebatur.</strong></span> <span class='ocrx_word' id='word_1_3' title='bbox 754 205 786 255; x_wconf 94' lang='lat' dir='ltr'><strong>ll.</strong></span> <span class='ocrx_word' id='word_1_4' title='bbox 823 206 873 258; x_wconf 77' lang='grc' dir='ltr'><strong>3θῖ</strong></span> 
     </span>
    </p>
   </div>
   <div class='ocr_carea' id='block_1_2' title="bbox 68 299 873 583">
    <p class='ocr_par' dir='ltr' id='par_1_2' title="bbox 68 299 873 498">
     <span class='ocr_line' id='line_1_2' title="bbox 70 299 748 374; baseline 0.016 -27"><span class='ocrx_word' id='word_1_5' title='bbox 70 299 158 348; x_wconf 90' lang='lat' dir='ltr'><strong>lntret</strong></span> <span class='ocrx_word' id='word_1_6' title='bbox 168 299 307 350; x_wconf 76' lang='lat' dir='ltr'>medullas.</span> <span class='ocrx_word' id='word_1_7' title='bbox 327 313 427 350; x_wconf 74' lang='lat' dir='ltr'><strong>arira.</strong></span> <span class='ocrx_word' id='word_1_8' title='bbox 440 299 523 352; x_wconf 85' lang='lat' dir='ltr'><strong>Ocius</strong></span> <span class='ocrx_word' id='word_1_9' title='bbox 535 303 609 352; x_wconf 83' lang='lat' dir='ltr'><strong>iussa</strong></span> <span class='ocrx_word' id='word_1_10' title='bbox 619 319 748 374; x_wconf 82' lang='lat' dir='ltr'><strong>exequar,</strong></span> 
     </span>
     <span class='ocr_line' id='line_1_3' title="bbox 68 367 873 438; baseline 0.014 -21"><span class='ocrx_word' id='word_1_11' title='bbox 68 367 196 429; x_wconf 79' lang='lat' dir='ltr'><strong>Alumna3</strong></span> <span class='ocrx_word' id='word_1_12' title='bbox 209 369 333 434; x_wconf 87' lang='lat' dir='ltr'><strong>precibus</strong></span> <span class='ocrx_word' id='word_1_13' title='bbox 345 375 375 419; x_wconf 92' lang='lat' dir='ltr'><strong>tu</strong></span> <span class='ocrx_word' id='word_1_14' title='bbox 387 370 467 419; x_wconf 90' lang='lat' dir='ltr'><strong>deum</strong></span> <span class='ocrx_word' id='word_1_15' title='bbox 474 370 605 421; x_wconf 80' lang='lat' dir='ltr'><strong>invictum</strong></span> <span class='ocrx_word' id='word_1_16' title='bbox 617 374 730 438; x_wconf 83' lang='lat' dir='ltr'><strong>advoca,</strong></span> <span class='ocrx_word' id='word_1_17' title='bbox 822 379 873 432; x_wconf 72' lang='lat' dir='ltr'><strong>tro</strong></span> 
     </span>
     <span class='ocr_line' id='line_1_4' title="bbox 68 438 603 498; baseline 0.009 -12"><span class='ocrx_word' id='word_1_18' title='bbox 68 438 123 498; x_wconf 72' lang='lat' dir='ltr'><strong>Qui</strong></span> <span class='ocrx_word' id='word_1_19' title='bbox 135 443 211 488; x_wconf 88' lang='lat' dir='ltr'><strong>certa</strong></span> <span class='ocrx_word' id='word_1_20' title='bbox 222 444 316 489; x_wconf 86' lang='lat' dir='ltr'><strong>tenera</strong></span> <span class='ocrx_word' id='word_1_21' title='bbox 326 438 382 490; x_wconf 88' lang='lat' dir='ltr'><strong>tela</strong></span> <span class='ocrx_word' id='word_1_22' title='bbox 392 439 503 490; x_wconf 74' lang='lat' dir='ltr'><strong>dimittit</strong></span> <span class='ocrx_word' id='word_1_23' title='bbox 513 455 603 492; x_wconf 89' lang='lat' dir='ltr'><strong>manu.</strong></span> 
     </span>
    </p>

    <p class='ocr_par' dir='ltr' id='par_1_3' title="bbox 68 507 813 583">
     <span class='ocr_line' id='line_1_5' title="bbox 68 507 813 583; baseline 0.017 -27"><span class='ocrx_word' id='word_1_24' title='bbox 68 521 111 556; x_wconf 80' lang='lat' dir='ltr'><strong>oa:</strong></span> <span class='ocrx_word' id='word_1_25' title='bbox 120 521 186 557; x_wconf 76' lang='lat' dir='ltr'><strong>rau.</strong></span> <span class='ocrx_word' id='word_1_26' title='bbox 198 507 254 572; x_wconf 90' lang='lat' dir='ltr'><strong>Te,</strong></span> <span class='ocrx_word' id='word_1_27' title='bbox 265 514 292 559; x_wconf 86' lang='lat' dir='ltr'><strong>te</strong></span> <span class='ocrx_word' id='word_1_28' title='bbox 304 523 416 574; x_wconf 82' lang='lat' dir='ltr'><strong>precor,</strong></span> <span class='ocrx_word' id='word_1_29' title='bbox 427 525 507 577; x_wconf 88' lang='lat' dir='ltr'><strong>quem</strong></span> <span class='ocrx_word' id='word_1_30' title='bbox 517 509 666 564; x_wconf 81' lang='lat' dir='ltr'><strong>muudunet</strong></span> <span class='ocrx_word' id='word_1_31' title='bbox 678 513 774 583; x_wconf 86' lang='lat' dir='ltr'><strong>Superi</strong></span> <span class='ocrx_word' id='word_1_32' title='bbox 781 520 813 569; x_wconf 88' lang='lat' dir='ltr'><strong>ti-</strong></span> 
     </span>
    </p>
   </div>
   <div class='ocr_carea' id='block_1_3' title="bbox 29 591 873 2737">
    <p class='ocr_par' dir='ltr' id='par_1_4' title="bbox 29 591 873 2737">
     <span class='ocr_line' id='line_1_6' title="bbox 590 591 666 632; baseline 0.026 -2"><span class='ocrx_word' id='word_1_33' title='bbox 590 591 666 632; x_wconf 92' lang='lat' dir='ltr'><strong>ment</strong></span> 
     </span>
     <span class='ocr_line' id='line_1_7' title="bbox 68 645 725 720; baseline 0.014 -25"><span class='ocrx_word' id='word_1_34' title='bbox 68 646 106 696; x_wconf 86' lang='lat' dir='ltr'><strong>Et</strong></span> <span class='ocrx_word' id='word_1_35' title='bbox 116 660 233 712; x_wconf 89' lang='lat' dir='ltr'><strong>aequor,</strong></span> <span class='ocrx_word' id='word_1_36' title='bbox 244 652 286 708; x_wconf 89' lang='lat' dir='ltr'><strong>et,</strong></span> <span class='ocrx_word' id='word_1_37' title='bbox 299 646 344 714; x_wconf 89' lang='lat' dir='ltr'><strong>qui</strong></span> <span class='ocrx_word' id='word_1_38' title='bbox 355 645 455 699; x_wconf 77' lang='lat' dir='ltr'><strong>fulmen</strong></span> <span class='ocrx_word' id='word_1_39' title='bbox 465 649 617 701; x_wconf 72' lang='lat' dir='ltr'><strong>Aetnaeum</strong></span> <span class='ocrx_word' id='word_1_40' title='bbox 627 655 725 720; x_wconf 80' lang='lat' dir='ltr'><strong>quatis,</strong></span> 
     </span>
     <span class='ocr_line' id='line_1_8' title="bbox 68 715 602 784; baseline 0.007 -20"><span class='ocrx_word' id='word_1_41' title='bbox 68 715 203 766; x_wconf 87' lang='lat' dir='ltr'><strong>Timende</strong></span> <span class='ocrx_word' id='word_1_42' title='bbox 214 716 295 766; x_wconf 80' lang='lat' dir='ltr'><strong>matri</strong></span> <span class='ocrx_word' id='word_1_43' title='bbox 306 715 403 784; x_wconf 81' lang='lat' dir='ltr'><strong>teliger</strong></span> <span class='ocrx_word' id='word_1_44' title='bbox 412 731 511 770; x_wconf 78' lang='lat' dir='ltr'><strong>saevae</strong></span> <span class='ocrx_word' id='word_1_45' title='bbox 520 733 602 784; x_wconf 89' lang='lat' dir='ltr'><strong>puer:</strong></span> 
     </span>
     <span class='ocr_line' id='line_1_9' title="bbox 67 785 873 851; baseline 0.005 -15"><span class='ocrx_word' id='word_1_46' title='bbox 67 785 182 836; x_wconf 81' lang='lat' dir='ltr'>Intende</span> <span class='ocrx_word' id='word_1_47' title='bbox 194 791 270 836; x_wconf 85' lang='lat' dir='ltr'><strong>certa</strong></span> <span class='ocrx_word' id='word_1_48' title='bbox 282 785 414 851; x_wconf 82' lang='lat' dir='ltr'><strong>spiculum</strong></span> <span class='ocrx_word' id='word_1_49' title='bbox 424 786 504 838; x_wconf 84' lang='lat' dir='ltr'><strong>velox</strong></span> <span class='ocrx_word' id='word_1_50' title='bbox 514 803 605 850; x_wconf 88' lang='lat' dir='ltr'><strong>manu,</strong></span> <span class='ocrx_word' id='word_1_51' title='bbox 823 795 873 846; x_wconf 76' lang='lat'><strong>545</strong></span> 
     </span>
     <span class='ocr_line' id='line_1_10' title="bbox 69 853 687 926; baseline 0.008 -21"><span class='ocrx_word' id='word_1_52' title='bbox 69 853 132 905; x_wconf 88' lang='lat' dir='ltr'><strong>Non</strong></span> <span class='ocrx_word' id='word_1_53' title='bbox 144 869 159 904; x_wconf 98' lang='lat' dir='ltr'><strong>e</strong></span> <span class='ocrx_word' id='word_1_54' title='bbox 169 855 277 923; x_wconf 73' lang='lat' dir='ltr'><strong>sagittis</strong></span> <span class='ocrx_word' id='word_1_55' title='bbox 287 854 403 919; x_wconf 86' lang='lat' dir='ltr'><strong>levibus;</strong></span> <span class='ocrx_word' id='word_1_56' title='bbox 416 871 430 907; x_wconf 86' lang='lat' dir='ltr'><strong>e</strong></span> <span class='ocrx_word' id='word_1_57' title='bbox 442 872 570 920; x_wconf 88' lang='lat' dir='ltr'><strong>numero,</strong></span> <span class='ocrx_word' id='word_1_58' title='bbox 581 873 687 926; x_wconf 78' lang='lat' dir='ltr'><strong>precor,</strong></span> 
     </span>
     <span class='ocr_line' id='line_1_11' title="bbox 70 921 721 993; baseline 0.012 -19"><span class='ocrx_word' id='word_1_59' title='bbox 70 923 207 974; x_wconf 83' lang='lat' dir='ltr'><strong>Graviore</strong></span> <span class='ocrx_word' id='word_1_60' title='bbox 219 921 326 991; x_wconf 81' lang='lat' dir='ltr'><strong>profer,</strong></span> <span class='ocrx_word' id='word_1_61' title='bbox 338 925 410 993; x_wconf 90' lang='lat' dir='ltr'><strong>quod</strong></span> <span class='ocrx_word' id='word_1_62' title='bbox 421 930 485 978; x_wconf 85' lang='lat' dir='ltr'><strong>tuae</strong></span> <span class='ocrx_word' id='word_1_63' title='bbox 496 926 615 979; x_wconf 88' lang='lat' dir='ltr'><strong>nondum</strong></span> <span class='ocrx_word' id='word_1_64' title='bbox 625 944 721 982; x_wconf 81' lang='lat' dir='ltr'><strong>manus</strong></span> 
     </span>
     <span class='ocr_line' id='line_1_12' title="bbox 67 993 685 1066; baseline 0.013 -23"><span class='ocrx_word' id='word_1_65' title='bbox 67 993 170 1045; x_wconf 86' lang='lat' dir='ltr'><strong>Misere</strong></span> <span class='ocrx_word' id='word_1_66' title='bbox 180 993 208 1044; x_wconf 86' lang='lat' dir='ltr'><strong>in</strong></span> <span class='ocrx_word' id='word_1_67' title='bbox 219 993 347 1061; x_wconf 81' lang='lat' dir='ltr'><strong>aliquem:</strong></span> <span class='ocrx_word' id='word_1_68' title='bbox 358 1010 413 1046; x_wconf 87' lang='lat' dir='ltr'><strong>non</strong></span> <span class='ocrx_word' id='word_1_69' title='bbox 423 994 476 1048; x_wconf 84' lang='lat' dir='ltr'><strong>levi</strong></span> <span class='ocrx_word' id='word_1_70' title='bbox 486 997 542 1048; x_wconf 88' lang='lat' dir='ltr'><strong>telo</strong></span> <span class='ocrx_word' id='word_1_71' title='bbox 554 1004 596 1048; x_wconf 84' lang='lat' dir='ltr'><strong>est</strong></span> <span class='ocrx_word' id='word_1_72' title='bbox 608 1013 685 1066; x_wconf 85' lang='lat' dir='ltr'><strong>opus,</strong></span> 
     </span>
     <span class='ocr_line' id='line_1_13' title="bbox 67 1063 711 1134; baseline 0.009 -20"><span class='ocrx_word' id='word_1_73' title='bbox 67 1064 104 1114; x_wconf 87' lang='lat' dir='ltr'><strong>Ut</strong></span> <span class='ocrx_word' id='word_1_74' title='bbox 115 1077 208 1114; x_wconf 90' lang='lat' dir='ltr'><strong>amare</strong></span> <span class='ocrx_word' id='word_1_75' title='bbox 219 1064 306 1130; x_wconf 77' lang='lat' dir='ltr'><strong>possit</strong></span> <span class='ocrx_word' id='word_1_76' title='bbox 317 1063 457 1116; x_wconf 85' lang='lat' dir='ltr'><strong>Hercules.</strong></span> <span class='ocrx_word' id='word_1_77' title='bbox 494 1066 606 1134; x_wconf 81' lang='lat' dir='ltr'><strong>Rigidae</strong></span> <span class='ocrx_word' id='word_1_78' title='bbox 615 1083 711 1122; x_wconf 87' lang='lat' dir='ltr'><strong>manus</strong></span> 
     </span>
     <span class='ocr_line' id='line_1_14' title="bbox 66 1133 872 1202; baseline 0.01 -18"><span class='ocrx_word' id='word_1_79' title='bbox 66 1133 196 1196; x_wconf 87' lang='lat' dir='ltr'><strong>Intende,</strong></span> <span class='ocrx_word' id='word_1_80' title='bbox 207 1138 236 1184; x_wconf 87' lang='lat' dir='ltr'><strong>et</strong></span> <span class='ocrx_word' id='word_1_81' title='bbox 247 1148 340 1186; x_wconf 86' lang='lat' dir='ltr'><strong>areum</strong></span> <span class='ocrx_word' id='word_1_82' title='bbox 352 1135 478 1186; x_wconf 82' lang='lat' dir='ltr'><strong>cornibus</strong></span> <span class='ocrx_word' id='word_1_83' title='bbox 488 1136 587 1188; x_wconf 81' lang='lat' dir='ltr'><strong>iuuetis</strong></span> <span class='ocrx_word' id='word_1_84' title='bbox 599 1137 677 1202; x_wconf 89' lang='lat' dir='ltr'><strong>para!</strong></span> <span class='ocrx_word' id='word_1_85' title='bbox 821 1143 872 1194; x_wconf 80' lang='grc'><strong>555</strong></span> 
     </span>
     <span class='ocr_line' id='line_1_15' title="bbox 67 1202 855 1273; baseline 0.014 -19"><span class='ocrx_word' id='word_1_86' title='bbox 67 1202 162 1265; x_wconf 88' lang='lat' dir='ltr'><strong>Nune,</strong></span> <span class='ocrx_word' id='word_1_87' title='bbox 173 1216 244 1253; x_wconf 90' lang='lat' dir='ltr'><strong>nuno</strong></span> <span class='ocrx_word' id='word_1_88' title='bbox 255 1203 383 1253; x_wconf 65' lang='lat' dir='ltr'><strong>savinam</strong></span> <span class='ocrx_word' id='word_1_89' title='bbox 396 1219 503 1270; x_wconf 85' lang='lat' dir='ltr'><strong>prome,</strong></span> <span class='ocrx_word' id='word_1_90' title='bbox 517 1222 571 1273; x_wconf 90' lang='lat' dir='ltr'><strong>quo</strong></span> <span class='ocrx_word' id='word_1_91' title='bbox 582 1208 718 1273; x_wconf 92' lang='lat' dir='ltr'><strong>quondam</strong></span> <span class='ocrx_word' id='word_1_92' title='bbox 728 1209 855 1264; x_wconf 82' lang='lat' dir='ltr'><strong>horridus</strong></span> 
     </span>
     <span class='ocr_line' id='line_1_16' title="bbox 68 1243 596 1339; baseline 0.004 -15"><span class='ocrx_word' id='word_1_93' title='bbox 68 1275 161 1324; x_wconf 81' lang='lat' dir='ltr'><strong>lovem</strong></span> <span class='ocrx_word' id='word_1_94' title='bbox 173 1273 277 1339; x_wconf 85' lang='lat' dir='ltr'><strong>petisti,</strong></span> <span class='ocrx_word' id='word_1_95' title='bbox 286 1243 400 1324; x_wconf 53' lang='lat' dir='ltr'><strong>fulmine</strong></span> <span class='ocrx_word' id='word_1_96' title='bbox 411 1273 517 1326; x_wconf 83' lang='lat' dir='ltr'><strong>abieoto</strong></span> <span class='ocrx_word' id='word_1_97' title='bbox 528 1275 596 1326; x_wconf 87' lang='lat' dir='ltr'><strong>deus</strong></span> 
     </span>
     <span class='ocr_line' id='line_1_17' title="bbox 68 1341 722 1411; baseline 0.011 -17"><span class='ocrx_word' id='word_1_98' title='bbox 68 1344 137 1394; x_wconf 87' lang='lat' dir='ltr'><strong>Cum</strong></span> <span class='ocrx_word' id='word_1_99' title='bbox 149 1341 239 1394; x_wconf 88' lang='lat' dir='ltr'><strong>ironte</strong></span> <span class='ocrx_word' id='word_1_100' title='bbox 249 1341 339 1394; x_wconf 84' lang='lat' dir='ltr'><strong>subito</strong></span> <span class='ocrx_word' id='word_1_101' title='bbox 351 1345 462 1405; x_wconf 86' lang='lat' dir='ltr'><strong>tumuit,</strong></span> <span class='ocrx_word' id='word_1_102' title='bbox 472 1349 501 1394; x_wconf 82' lang='lat' dir='ltr'><strong>et</strong></span> <span class='ocrx_word' id='word_1_103' title='bbox 511 1344 636 1411; x_wconf 85' lang='lat' dir='ltr'><strong>rapidum</strong></span> <span class='ocrx_word' id='word_1_104' title='bbox 646 1362 722 1401; x_wconf 83' lang='lat' dir='ltr'><strong>mare</strong></span> 
     </span>
     <span class='ocr_line' id='line_1_18' title="bbox 68 1411 636 1480; baseline 0.004 -17"><span class='ocrx_word' id='word_1_105' title='bbox 68 1413 178 1463; x_wconf 80' lang='lat' dir='ltr'><strong>Taurus</strong></span> <span class='ocrx_word' id='word_1_106' title='bbox 190 1411 295 1478; x_wconf 91' lang='lat' dir='ltr'><strong>puellae</strong></span> <span class='ocrx_word' id='word_1_107' title='bbox 305 1417 400 1463; x_wconf 77' lang='lat' dir='ltr'><strong>ventor</strong></span> <span class='ocrx_word' id='word_1_108' title='bbox 410 1415 537 1480; x_wconf 79' lang='lat' dir='ltr'><strong>Assyriae</strong></span> <span class='ocrx_word' id='word_1_109' title='bbox 548 1414 636 1465; x_wconf 77' lang='lat' dir='ltr'><strong>eeldlt</strong></span> 
     </span>
     <span class='ocr_line' id='line_1_19' title="bbox 29 1479 871 1551; baseline 0.01 -18"><span class='ocrx_word' id='word_1_110' title='bbox 29 1497 31 1502; x_wconf 91' lang='lat'>·</span> <span class='ocrx_word' id='word_1_111' title='bbox 67 1482 186 1533; x_wconf 89' lang='lat' dir='ltr'><strong>lmmltte</strong></span> <span class='ocrx_word' id='word_1_112' title='bbox 199 1479 332 1534; x_wconf 83' lang='lat' dir='ltr'><strong>amorem!</strong></span> <span class='ocrx_word' id='word_1_113' title='bbox 353 1482 446 1533; x_wconf 73' lang='lat' dir='ltr'><strong>vincat</strong></span> <span class='ocrx_word' id='word_1_114' title='bbox 455 1483 581 1551; x_wconf 86' lang='lat' dir='ltr'><strong>exempla</strong></span> <span class='ocrx_word' id='word_1_115' title='bbox 589 1486 692 1538; x_wconf 86' lang='lat' dir='ltr'><strong>omnio!</strong></span> <span class='ocrx_word' id='word_1_116' title='bbox 820 1491 871 1542; x_wconf 81' lang='grc'><strong>555</strong></span> 
     </span>
     <span class='ocr_line' id='line_1_20' title="bbox 66 1551 654 1623; baseline 0.007 -20"><span class='ocrx_word' id='word_1_117' title='bbox 66 1555 165 1604; x_wconf 78' lang='lat' dir='ltr'><strong>Amare</strong></span> <span class='ocrx_word' id='word_1_118' title='bbox 176 1551 263 1603; x_wconf 86' lang='lat' dir='ltr'><strong>diseat</strong></span> <span class='ocrx_word' id='word_1_119' title='bbox 273 1552 429 1621; x_wconf 80' lang='lat' dir='ltr'><strong>coniugem!</strong></span> <span class='ocrx_word' id='word_1_120' title='bbox 451 1551 480 1604; x_wconf 88' lang='lat' dir='ltr'><strong>Si</strong></span> <span class='ocrx_word' id='word_1_121' title='bbox 491 1570 558 1623; x_wconf 86' lang='lat' dir='ltr'><strong>quas</strong></span> <span class='ocrx_word' id='word_1_122' title='bbox 569 1554 654 1607; x_wconf 83' lang='lat' dir='ltr'><strong>deoor</strong></span> 
     </span>
     <span class='ocr_line' id='line_1_21' title="bbox 66 1623 606 1689; baseline 0 -14"><span class='ocrx_word' id='word_1_123' title='bbox 66 1624 139 1675; x_wconf 87' lang='lat' dir='ltr'><strong>loles</strong></span> <span class='ocrx_word' id='word_1_124' title='bbox 149 1624 246 1673; x_wconf 83' lang='lat' dir='ltr'><strong>inussit</strong></span> <span class='ocrx_word' id='word_1_125' title='bbox 255 1623 360 1689; x_wconf 76' lang='lat' dir='ltr'><strong>pectori</strong></span> <span class='ocrx_word' id='word_1_126' title='bbox 371 1623 508 1675; x_wconf 83' lang='lat' dir='ltr'><strong>Herculeo</strong></span> <span class='ocrx_word' id='word_1_127' title='bbox 520 1623 606 1687; x_wconf 60' lang='lat' dir='ltr'><strong>facem</strong></span> 
     </span>
     <span class='ocr_line' id='line_1_22' title="bbox 67 1691 645 1760; baseline 0 -15"><span class='ocrx_word' id='word_1_128' title='bbox 67 1693 204 1760; x_wconf 81' lang='lat' dir='ltr'><strong>Extingue</strong></span> <span class='ocrx_word' id='word_1_129' title='bbox 215 1697 302 1743; x_wconf 82' lang='lat' dir='ltr'><strong>totas:</strong></span> <span class='ocrx_word' id='word_1_130' title='bbox 314 1692 440 1759; x_wconf 80' lang='lat' dir='ltr'><strong>perbibat</strong></span> <span class='ocrx_word' id='word_1_131' title='bbox 450 1691 574 1746; x_wconf 86' lang='lat' dir='ltr'><strong>flammae</strong></span> <span class='ocrx_word' id='word_1_132' title='bbox 583 1696 645 1747; x_wconf 87' lang='lat' dir='ltr'><strong>mei.</strong></span> 
     </span>
     <span class='ocr_line' id='line_1_23' title="bbox 66 1760 650 1829; baseline 0 -16"><span class='ocrx_word' id='word_1_133' title='bbox 66 1764 110 1813; x_wconf 92' lang='lat' dir='ltr'><strong>Tu</strong></span> <span class='ocrx_word' id='word_1_134' title='bbox 122 1760 307 1814; x_wconf 80' lang='lat' dir='ltr'><strong>fulminantem</strong></span> <span class='ocrx_word' id='word_1_135' title='bbox 317 1776 399 1829; x_wconf 85' lang='lat' dir='ltr'><strong>saepe</strong></span> <span class='ocrx_word' id='word_1_136' title='bbox 411 1763 538 1814; x_wconf 83' lang='lat' dir='ltr'><strong>domuisti</strong></span> <span class='ocrx_word' id='word_1_137' title='bbox 548 1765 650 1828; x_wconf 82' lang='lat' dir='ltr'><strong>lovem,</strong></span> 
     </span>
     <span class='ocr_line' id='line_1_24' title="bbox 67 1830 870 1900; baseline 0.005 -17"><span class='ocrx_word' id='word_1_138' title='bbox 67 1834 112 1883; x_wconf 93' lang='lat' dir='ltr'><strong>Tu</strong></span> <span class='ocrx_word' id='word_1_139' title='bbox 122 1830 201 1882; x_wconf 81' lang='lat' dir='ltr'><strong>furva</strong></span> <span class='ocrx_word' id='word_1_140' title='bbox 212 1832 281 1900; x_wconf 81' lang='lat' dir='ltr'><strong>nigri</strong></span> <span class='ocrx_word' id='word_1_141' title='bbox 290 1838 399 1897; x_wconf 86' lang='lat' dir='ltr'><strong>sceptra</strong></span> <span class='ocrx_word' id='word_1_142' title='bbox 409 1838 563 1900; x_wconf 83' lang='lat' dir='ltr'><strong>gestantem</strong></span> <span class='ocrx_word' id='word_1_143' title='bbox 573 1832 639 1899; x_wconf 85' lang='lat' dir='ltr'><strong>poli,</strong></span> <span class='ocrx_word' id='word_1_144' title='bbox 819 1837 870 1887; x_wconf 84' lang='grc'><strong>560</strong></span> 
     </span>
     <span class='ocr_line' id='line_1_25' title="bbox 67 1901 725 1971; baseline -0.005 -18"><span class='ocrx_word' id='word_1_145' title='bbox 67 1901 177 1953; x_wconf 86' lang='lat' dir='ltr'><strong>Turbae</strong></span> <span class='ocrx_word' id='word_1_146' title='bbox 188 1901 284 1952; x_wconf 90' lang='lat' dir='ltr'><strong>duoem</strong></span> <span class='ocrx_word' id='word_1_147' title='bbox 294 1902 419 1963; x_wconf 84' lang='lat' dir='ltr'><strong>maioris,</strong></span> <span class='ocrx_word' id='word_1_148' title='bbox 431 1908 460 1953; x_wconf 81' lang='lat' dir='ltr'><strong>et</strong></span> <span class='ocrx_word' id='word_1_149' title='bbox 469 1902 608 1953; x_wconf 86' lang='lat' dir='ltr'><strong>dominum</strong></span> <span class='ocrx_word' id='word_1_150' title='bbox 619 1901 725 1971; x_wconf 80' lang='lat' dir='ltr'><strong>Stygis:</strong></span> 
     </span>
     <span class='ocr_line' id='line_1_26' title="bbox 66 1971 620 2039; baseline 0.002 -17"><span class='ocrx_word' id='word_1_151' title='bbox 66 1974 178 2039; x_wconf 88' lang='lat' dir='ltr'><strong>Tuque,</strong></span> <span class='ocrx_word' id='word_1_152' title='bbox 188 1986 204 2021; x_wconf 96' lang='lat' dir='ltr'><strong>o</strong></span> <span class='ocrx_word' id='word_1_153' title='bbox 215 1985 333 2021; x_wconf 81' lang='lat' dir='ltr'><strong>noverea</strong></span> <span class='ocrx_word' id='word_1_154' title='bbox 342 1972 452 2039; x_wconf 79' lang='lat' dir='ltr'><strong>gravior</strong></span> <span class='ocrx_word' id='word_1_155' title='bbox 461 1972 533 2022; x_wconf 89' lang='lat' dir='ltr'><strong>irata</strong></span> <span class='ocrx_word' id='word_1_156' title='bbox 544 1971 620 2035; x_wconf 85' lang='lat' dir='ltr'><strong>deus,</strong></span> 
     </span>
     <span class='ocr_line' id='line_1_27' title="bbox 67 2038 797 2109; baseline -0.001 -16"><span class='ocrx_word' id='word_1_157' title='bbox 67 2044 141 2109; x_wconf 84' lang='lat' dir='ltr'><strong>Cape</strong></span> <span class='ocrx_word' id='word_1_158' title='bbox 151 2038 223 2092; x_wconf 86' lang='lat' dir='ltr'><strong>buno</strong></span> <span class='ocrx_word' id='word_1_159' title='bbox 234 2038 415 2107; x_wconf 89' lang='lat' dir='ltr'><strong>triumphum,</strong></span> <span class='ocrx_word' id='word_1_160' title='bbox 425 2041 500 2091; x_wconf 84' lang='lat' dir='ltr'><strong>solus</strong></span> <span class='ocrx_word' id='word_1_161' title='bbox 512 2046 541 2092; x_wconf 88' lang='lat' dir='ltr'><strong>et</strong></span> <span class='ocrx_word' id='word_1_162' title='bbox 549 2043 628 2092; x_wconf 78' lang='lat' dir='ltr'><strong>vince</strong></span> <span class='ocrx_word' id='word_1_163' title='bbox 640 2042 797 2093; x_wconf 73' lang='lat' dir='ltr'><strong>Herculem!</strong></span> 
     </span>
     <span class='ocr_line' id='line_1_28' title="bbox 67 2110 749 2178; baseline 0 -17"><span class='ocrx_word' id='word_1_164' title='bbox 67 2126 84 2161; x_wconf 77' lang='lat' dir='ltr'><strong>n</strong></span> <span class='ocrx_word' id='word_1_165' title='bbox 92 2124 168 2162; x_wconf 82' lang='lat' dir='ltr'><strong>orn.</strong></span> <span class='ocrx_word' id='word_1_166' title='bbox 179 2110 292 2161; x_wconf 88' lang='lat' dir='ltr'><strong>Prolata</strong></span> <span class='ocrx_word' id='word_1_167' title='bbox 302 2110 341 2159; x_wconf 83' lang='lat' dir='ltr'><strong>vis</strong></span> <span class='ocrx_word' id='word_1_168' title='bbox 353 2116 408 2172; x_wconf 86' lang='lat' dir='ltr'><strong>est,</strong></span> <span class='ocrx_word' id='word_1_169' title='bbox 420 2125 544 2178; x_wconf 88' lang='lat' dir='ltr'><strong>quaeque</strong></span> <span class='ocrx_word' id='word_1_170' title='bbox 555 2110 678 2162; x_wconf 86' lang='lat' dir='ltr'><strong>Palladia</strong></span> <span class='ocrx_word' id='word_1_171' title='bbox 688 2111 749 2161; x_wconf 85' lang='lat' dir='ltr'><strong>colu</strong></span> 
     </span>
     <span class='ocr_line' id='line_1_29' title="bbox 67 2178 867 2232; baseline -0.003 0"><span class='ocrx_word' id='word_1_172' title='bbox 67 2181 193 2232; x_wconf 78' lang='lat' dir='ltr'><strong>Lassarit</strong></span> <span class='ocrx_word' id='word_1_173' title='bbox 203 2194 310 2231; x_wconf 89' lang='lat' dir='ltr'><strong>omnem</strong></span> <span class='ocrx_word' id='word_1_174' title='bbox 320 2185 398 2231; x_wconf 83' lang='lat' dir='ltr'><strong>texta</strong></span> <span class='ocrx_word' id='word_1_175' title='bbox 408 2178 567 2231; x_wconf 81' lang='lat' dir='ltr'><strong>famularem</strong></span> <span class='ocrx_word' id='word_1_176' title='bbox 577 2196 693 2232; x_wconf 81' lang='lat' dir='ltr'><strong>manum.</strong></span> <span class='ocrx_word' id='word_1_177' title='bbox 817 2180 867 2230; x_wconf 87' lang='grc'><strong>565</strong></span> 
     </span>
     <span class='ocr_line' id='line_1_30' title="bbox 67 2249 638 2317; baseline -0.004 -16"><span class='ocrx_word' id='word_1_178' title='bbox 67 2250 143 2301; x_wconf 85' lang='lat' dir='ltr'><strong>Nune</strong></span> <span class='ocrx_word' id='word_1_179' title='bbox 155 2255 318 2317; x_wconf 82' lang='lat' dir='ltr'><strong>congeratur</strong></span> <span class='ocrx_word' id='word_1_180' title='bbox 327 2249 415 2311; x_wconf 81' lang='lat' dir='ltr'><strong>virus,</strong></span> <span class='ocrx_word' id='word_1_181' title='bbox 425 2254 456 2299; x_wconf 91' lang='lat' dir='ltr'><strong>ut</strong></span> <span class='ocrx_word' id='word_1_182' title='bbox 465 2252 549 2302; x_wconf 85' lang='lat' dir='ltr'><strong>vestis</strong></span> <span class='ocrx_word' id='word_1_183' title='bbox 560 2250 638 2302; x_wconf 85' lang='lat' dir='ltr'><strong>bibat</strong></span> 
     </span>
     <span class='ocr_line' id='line_1_31' title="bbox 68 2317 705 2388; baseline -0.003 -17"><span class='ocrx_word' id='word_1_184' title='bbox 68 2317 201 2372; x_wconf 82' lang='lat' dir='ltr'><strong>Herculea</strong></span> <span class='ocrx_word' id='word_1_185' title='bbox 212 2325 330 2387; x_wconf 82' lang='lat' dir='ltr'><strong>pestem3</strong></span> <span class='ocrx_word' id='word_1_186' title='bbox 342 2319 467 2385; x_wconf 82' lang='lat' dir='ltr'><strong>precibus</strong></span> <span class='ocrx_word' id='word_1_187' title='bbox 479 2321 586 2388; x_wconf 80' lang='lat' dir='ltr'><strong>augebo</strong></span> <span class='ocrx_word' id='word_1_188' title='bbox 597 2318 705 2369; x_wconf 78' lang='lat' dir='ltr'><strong>malum</strong></span> 
     </span>
     <span class='ocr_line' id='line_1_32' title="bbox 67 2388 668 2457; baseline -0.002 -17"><span class='ocrx_word' id='word_1_189' title='bbox 67 2392 96 2440; x_wconf 97' lang='lat' dir='ltr'><strong>ln</strong></span> <span class='ocrx_word' id='word_1_190' title='bbox 108 2395 231 2457; x_wconf 88' lang='lat' dir='ltr'><strong>tempore</strong></span> <span class='ocrx_word' id='word_1_191' title='bbox 241 2390 301 2455; x_wconf 86' lang='lat' dir='ltr'><strong>ipso</strong></span> <span class='ocrx_word' id='word_1_192' title='bbox 311 2404 415 2457; x_wconf 85' lang='lat' dir='ltr'><strong>gnavus</strong></span> <span class='ocrx_word' id='word_1_193' title='bbox 427 2392 549 2441; x_wconf 84' lang='lat' dir='ltr'><strong>occurrit</strong></span> <span class='ocrx_word' id='word_1_194' title='bbox 557 2388 668 2441; x_wconf 82' lang='lat' dir='ltr'><strong>Lichae.</strong></span> 
     </span>
     <span class='ocr_line' id='line_1_33' title="bbox 68 2458 616 2525; baseline -0.005 -14"><span class='ocrx_word' id='word_1_195' title='bbox 68 2459 235 2512; x_wconf 74' lang='lat' dir='ltr'><strong>Celenderis</strong></span> <span class='ocrx_word' id='word_1_196' title='bbox 247 2464 290 2509; x_wconf 88' lang='lat' dir='ltr'><strong>est</strong></span> <span class='ocrx_word' id='word_1_197' title='bbox 301 2458 372 2509; x_wconf 86' lang='lat' dir='ltr'><strong>dira:</strong></span> <span class='ocrx_word' id='word_1_198' title='bbox 385 2474 419 2510; x_wconf 89' lang='lat' dir='ltr'><strong>ne</strong></span> <span class='ocrx_word' id='word_1_199' title='bbox 430 2464 543 2525; x_wconf 83' lang='lat' dir='ltr'><strong>pateant</strong></span> <span class='ocrx_word' id='word_1_200' title='bbox 553 2459 616 2510; x_wconf 91' lang='lat' dir='ltr'><strong>doli.</strong></span> 
     </span>
     <span class='ocr_line' id='line_1_34' title="bbox 68 2527 832 2647; baseline -0.003 -67"><span class='ocrx_word' id='word_1_201' title='bbox 68 2541 181 2581; x_wconf 68' lang='lat' dir='ltr'><strong>aaran.</strong></span> <span class='ocrx_word' id='word_1_202' title='bbox 193 2527 230 2591; x_wconf 87' lang='grc' dir='ltr'><strong>Ο,</strong></span> <span class='ocrx_word' id='word_1_203' title='bbox 243 2528 316 2596; x_wconf 88' lang='lat' dir='ltr'><strong>quod</strong></span> <span class='ocrx_word' id='word_1_204' title='bbox 327 2528 461 2595; x_wconf 86' lang='lat' dir='ltr'><strong>superbae</strong></span> <span class='ocrx_word' id='word_1_205' title='bbox 471 2528 832 2647; x_wconf 68' lang='lat' dir='ltr'><strong>nonhabentuoquamdo-5</strong></span> 
     </span>
     <span class='ocr_line' id='line_1_35' title="bbox 580 2599 867 2660; baseline 0 -13"><span class='ocrx_word' id='word_1_206' title='bbox 580 2613 649 2660; x_wconf 84' lang='lat' dir='ltr'><strong>mus,</strong></span> <span class='ocrx_word' id='word_1_207' title='bbox 833 2599 867 2647; x_wconf 73' lang='lat' dir='ltr'><strong>lo</strong></span> 
     </span>
     <span class='ocr_line' id='line_1_36' title="bbox 68 2665 628 2737; baseline -0.007 -16"><span class='ocrx_word' id='word_1_208' title='bbox 68 2668 158 2721; x_wconf 85' lang='lat' dir='ltr'><strong>Fidele</strong></span> <span class='ocrx_word' id='word_1_209' title='bbox 170 2682 277 2736; x_wconf 82' lang='lat' dir='ltr'><strong>semper</strong></span> <span class='ocrx_word' id='word_1_210' title='bbox 287 2670 397 2737; x_wconf 77' lang='lat' dir='ltr'><strong>regibus</strong></span> <span class='ocrx_word' id='word_1_211' title='bbox 408 2682 520 2731; x_wconf 87' lang='lat' dir='ltr'><strong>nomen,</strong></span> <span class='ocrx_word' id='word_1_212' title='bbox 531 2665 628 2730; x_wconf 84' lang='lat' dir='ltr'><strong>Licha,</strong></span> 
     </span>
    </p>
   </div>
   <div class='ocr_carea' id='block_1_4' title="bbox 71 2736 724 2856">
    <p class='ocr_par' dir='ltr' id='par_1_5' title="bbox 71 2736 724 2856">
     <span class='ocr_line' id='line_1_37' title="bbox 71 2736 724 2856; baseline -0.012 -65"><span class='ocrx_word' id='word_1_213' title='bbox 71 2738 142 2805; x_wconf 76' lang='lat' dir='ltr'><strong>Cape</strong></span> <span class='ocrx_word' id='word_1_214' title='bbox 154 2736 203 2789; x_wconf 90' lang='lat' dir='ltr'><strong>bos</strong></span> <span class='ocrx_word' id='word_1_215' title='bbox 215 2740 343 2802; x_wconf 83' lang='lat' dir='ltr'><strong>amictus,</strong></span> <span class='ocrx_word' id='word_1_216' title='bbox 355 2743 449 2789; x_wconf 84' lang='lat' dir='ltr'><strong>nostra</strong></span> <span class='ocrx_word' id='word_1_217' title='bbox 459 2754 526 2805; x_wconf 88' lang='lat' dir='ltr'><strong>quos</strong></span> <span class='ocrx_word' id='word_1_218' title='bbox 537 2739 611 2790; x_wconf 85' lang='lat' dir='ltr'><strong>nevit</strong></span> <span class='ocrx_word' id='word_1_219' title='bbox 620 2752 724 2856; x_wconf 56' lang='lat' dir='ltr'><strong>mpjops,</strong></span> 
     </span>
    </p>
   </div>
   <div class='ocr_carea' id='block_1_5' title="bbox 0 0 1080 3125">
    <p class='ocr_par' dir='ltr' id='par_1_6' title="bbox 0 0 1080 3125">
     <span class='ocr_line' id='line_1_38' title="bbox 0 0 1080 3125; baseline 0 0"><span class='ocrx_word' id='word_1_220' title='bbox 0 0 1080 3125; x_wconf 95' lang='lat' dir='ltr'><strong> </strong></span> 
     </span>
    </p>
   </div>
  </div>
 </body>
</html>
