2150 3125
197 229 248 278 124
368 229 401 280 ι.
430 229 585 281 ΑΝΝΑΕι
608 216 807 280 'sesccss

257 333 353 386 Odisse
364 334 472 401 placuit.
509 335 618 402 lgnibus
628 335 722 401 iunges
733 349 826 400 aquas,

197 404 247 453 5ῖο
258 403 295 455 Et
305 405 393 456 aorica
404 404 506 455 ratibus
517 411 581 454 ante
593 405 733 470 promittet
742 403 813 455 vada

256 475 364 525 lncerta
376 472 477 538 Syrtis,
489 478 552 524 ante
563 474 596 524 ab
609 480 731 524 extremo
741 474 800 522 sinu

256 544 390 611 Hesperia
401 541 507 608 Tethys
519 543 637 593 lucidum
648 543 755 593 attollet
766 543 845 604 diem,

256 614 292 664 Et
303 629 352 664 ors
363 613 448 662 damis
458 611 559 663 blanda
568 611 736 679 praebebunt
745 611 809 677 lupi,

256 684 343 744 Quam
355 683 442 732 rictus
453 681 571 732 anhnum
581 680 699 732 feminco
708 681 801 731 mitem
811 695 913 748 geram.

196 753 245 801 515
257 767 356 803 scra.
375 749 463 818 Saepe
475 751 618 802 obstinatis
627 750 716 800 induit
724 750 817 802 frenos
827 752 917 810 Amor,

256 823 293 874 Et
303 823 366 873 odia
374 827 469 873 mutat.
505 820 601 888 Regna
608 825 731 872 materna
741 820 866 886 adspice:

256 891 321 943 lllae
332 890 438 942 feroces
449 891 568 941 sentiunt
578 888 692 942 Veneris
702 891 803 958 iugum.

256 962 378 1013 'festalis
389 960 462 1010 istud
474 961 569 1009 unicus
579 961 667 1026 gentis
679 975 754 1026 puer.

256 1045 346 1081 rrrrr.
366 1027 491 1080 Solamen
502 1044 584 1078 unum
597 1030 691 1080 matris
702 1029 816 1079 amissae
826 1027 895 1090 lero,

197 1100 246 1149 580
258 1100 354 1152 Odisse
365 1098 499 1166 quodiam
511 1097 625 1148 femimm
637 1114 729 1149 omnes
739 1097 811 1148 licet.

256 1184 273 1218 s
280 1183 297 1220 u
304 1183 355 1219 ra.
374 1169 409 1218 Ut
419 1167 487 1218 dura
499 1173 593 1218 cautes
604 1169 721 1236 undique
731 1167 909 1218 intractabilis

256 1239 366 1289 Resistit
376 1237 467 1298 undis,
480 1243 507 1288 et
516 1237 682 1288 lacessentes
695 1251 777 1305 aquas

256 1308 350 1376 Longe
362 1306 489 1368 remittit,
500 1307 584 1357 rerba
594 1308 638 1358 sic.
645 1309 748 1374 spernit
758 1321 827 1356 mea.

256 1375 310 1427 Sed
320 1373 446 1427 Phaedre
456 1391 588 1443 praeceps
593 1377 729 1444 graditur,
738 1377 883 1442 impatiens
889 1390 982 1426 morae

195 1447 245 1496 585
258 1447 318 1507 Quo
330 1462 359 1496 se
370 1446 446 1497 dabit
455 1444 582 1497 fortunat
594 1461 647 1512 quo
658 1452 754 1514 verget
763 1444 857 1496 furori

255 1516 358 1567 Terrae
369 1522 480 1584 repente
492 1531 592 1583 corpus
603 1517 756 1568 exanimum
766 1515 874 1573 accidit.

255 1588 289 1636 Et
300 1601 349 1636 ora
358 1587 441 1637 morti
452 1587 545 1637 similis
557 1586 670 1638 obduxit
680 1587 764 1638 color.

254 1654 354 1707 Attolle
365 1656 466 1719 vultus,
477 1657 585 1707 dimove
597 1658 671 1707 vocis
681 1671 786 1707 moras:

255 1726 331 1777 'loos
342 1741 375 1777 en
381 1763 389 1788 ‚
400 1725 520 1788 alumna,
531 1732 616 1777 temet
625 1726 792 1793 Hippolytus
802 1723 889 1776 tenet!

197 1914 429 1974 PHAEDM,
465 1913 762 1970 HIPPOLYTUS,
794 1914 987 1973 ΝΠΉΞΙΧ,

492 2013 689 2060 ΓΛΜΙῘΒΙ.

247 2110 337 2155 Iuvenis
343 2112 481 2168 pudicitiam
490 2112 555 2155 omni
563 2119 613 2155 arte
627 2120 776 2168 oppugnant,
786 2118 826 2157 sed
832 2113 941 2171 frustra:
952 2117 984 2156 cd

189 2168 299 2224 fraudem
308 2168 385 2225 itaque
391 2168 533 2227 ‚confligium
542 2176 566 2212 et
574 2167 706 2212 eamcam.

193 2260 243 2309 500
255 2274 305 2309 err.
325 2262 391 2322 Quis
401 2277 443 2313 me
454 2261 542 2311 dolori
551 2261 654 2325 reddit,
666 2269 746 2331 atque
757 2269 849 2314 aestus
859 2278 955 2329 graves

253 2331 371 2397 Reponit
386 2329 492 2381 animoi
514 2330 602 2392 Quam
612 2331 682 2383 bone
693 2332 847 2384 excideram
857 2330 934 2382 milri!
956 2360 984 2370 -

252 2414 273 2449 rr
280 2414 289 2449 1
296 2414 311 2449 r
318 2414 343 2449 r.
362 2400 416 2450 Gur
426 2400 504 2452 dulce
516 2416 611 2452 munus
622 2402 745 2453 redditae
754 2400 823 2453 lucis
833 2399 921 2469 fugisi

252 2482 303 2519 rra.
314 2469 398 2532 dude,
405 2468 505 2524 animet
516 2470 605 2522 tenta!
620 2486 720 2541 perage
734 2471 891 2521 mandatum
901 2477 988 2520 tuom.

252 2538 390 2605 intrepida
401 2546 526 2592 constent
534 2541 632 2593 verba:
644 2542 688 2609 qui
697 2540 791 2592 timide
802 2545 891 2607 rogat,

193 2607 242 2658 505
255 2608 345 2659 Docet
354 2622 462 2676 negare.
497 2610 601 2678 Magoa
609 2626 673 2679 pars
683 2611 793 2662 sceleris
803 2611 856 2661 mei

252 2677 323 2728 Olim
335 2685 447 2743 peracta
458 2686 513 2729 est:
523 2694 601 2732 seros
611 2687 654 2733 est
663 2681 741 2732 nobis
752 2680 851 2747 pudor:

254 2748 404 2799 Amavimus
416 2747 546 2800 celanda:
556 2751 579 2800 si
590 2756 690 2818 coepta
701 2764 832 2817 exequor,
