2150 3125
251 188 528 241 AGAMEMNON.
565 190 652 241 ΑΟΤ.
672 191 705 242 11.
825 191 873 242 201

77 302 176 362 Ausae3
187 295 260 364 quod
272 294 369 344 ardens
379 293 463 360 impia
472 296 549 361 virgo
559 293 631 357 face,

76 368 208 419 Phasiaca
218 363 327 431 fugiens
337 378 422 431 regna
432 362 592 416 Thessalica
601 364 692 417 trabe:
826 368 876 415 120

77 440 202 498 Ferrum,
212 431 327 486 venena!
348 433 392 484 vel
401 432 568 499 Mycenaeas
580 434 685 499 domos,

77 508 227 559 coniuncta
236 505 327 566 socio,
338 501 453 569 profuge
465 502 567 555 furtiva
576 501 649 556 rate!

78 576 149 640 Quid
158 574 254 626 timida
262 572 381 641 loqueris
392 570 467 623 furta
477 578 506 623 et
516 574 626 625 exilium
637 579 665 625 st
674 572 768 642 lugasl

78 646 162 700 Soror
171 647 226 695 ista
235 642 316 705 lecit3
326 647 355 692 te
366 642 446 693 decet
456 644 543 695 maius
554 642 640 696 nelos.

77 730 178 768 surm
189 713 294 780 Regina
304 713 429 763 Danaum
441 718 469 763 et
477 712 600 764 inclitum
611 712 706 765 Ledae
716 730 810 782 genus,
828 715 878 765 125

80 784 151 849 Quid
162 785 248 835 tacita
256 796 363 843 versos,
374 782 484 849 quidve,
496 783 602 834 consilii
611 784 756 850 impotens,

78 855 196 908 Tumido
206 852 315 903 feroces
324 852 442 918 impetus
452 854 543 903 animo
554 851 642 921 gerisl

78 927 159 977 Licet
167 925 228 990 ipsa
238 922 333 984 sileas,
345 926 420 972 totus
429 921 457 972 in
467 922 544 972 vultu
556 928 598 974 est
608 922 693 974 dolor.

78 996 162 1047 Proin
173 991 301 1062 quidquid
314 997 369 1053 est,
380 991 415 1041 da
424 997 532 1059 tempus
544 1007 576 1043 ac
588 994 705 1060 spetlum
717 994 774 1044 tibi.

78 1064 158 1129 Quod
169 1064 240 1113 ratio
250 1075 304 1111 non
315 1062 386 1127 quit,
398 1077 480 1129 saepe
490 1063 597 1113 sanavit
608 1078 692 1115 mora.
830 1065 881 1117 130

81 1147 177 1186 caru.
188 1132 297 1183 Maiora
312 1132 449 1193 cruciant,
465 1147 545 1199 quarn
561 1138 593 1183 ut
602 1147 692 1184 moras
703 1136 804 1201 possins
817 1137 881 1200 pati.

78 1204 218 1257 Flammae
229 1199 359 1252 medullas
370 1206 398 1252 et
409 1216 457 1251 cor
468 1207 585 1253 exurunt
595 1218 698 1267 meum3

78 1275 183 1326 Mixtus
194 1271 282 1323 dolori
292 1269 412 1321 subdidit
422 1270 546 1322 stimulos
557 1273 648 1335 timor,

79 1342 184 1395 invidia
194 1342 284 1408 pulsat
294 1345 400 1405 pectus.
437 1340 509 1391 llinc
520 1342 638 1392 animum
649 1344 713 1411 ingo

78 1412 183 1465 Premit
193 1410 298 1477 Cupido
309 1411 410 1475 turpis,
422 1415 450 1462 et
460 1411 531 1461 vinci
542 1417 630 1475 vetat3
833 1413 881 1463 135

78 1483 117 1535 Et
126 1483 198 1533 inter
205 1481 272 1531 istas
283 1480 382 1530 mentis
393 1479 521 1531 obsessae
531 1479 617 1543 faces,

79 1552 181 1605 Fessus
193 1550 301 1618 quidem
310 1555 339 1600 ot
349 1550 471 1601 deiectus
481 1559 510 1604 et
519 1550 719 1618 pessumdatus,

80 1622 176 1675 Pudor
186 1619 308 1671 rebellat.
344 1620 484 1671 Fluctibus
494 1622 576 1672 variis
588 1638 663 1689 agor,

79 1693 130 1755 Ut,
141 1706 202 1742 cunr
213 1688 275 1740 hinc
286 1689 448 1757 profundum
460 1697 571 1753 ventus,
583 1689 645 1741 lrinc
656 1697 747 1742 aestus
759 1695 838 1758 repit,

78 1762 189 1813 luceres
199 1759 306 1810 dubitat
316 1759 402 1822 unda,
414 1760 456 1810 cui
468 1760 549 1812 cedat
561 1760 640 1812 malo.
833 1764 884 1811 110

79 1829 200 1884 Proinde
210 1830 286 1881 omisi
299 1830 419 1898 regimen
432 1845 447 1880 e
458 1830 581 1881 manibus
591 1833 658 1882 meis

81 1903 251 1968 Quocunque
263 1915 305 1950 nre
315 1899 369 1960 ira,
382 1913 435 1965 quo
446 1898 537 1960 dolor,
550 1915 602 1967 quo
614 1916 676 1967 spes
687 1899 766 1963 feret,

79 1971 145 2022 Huc
154 1971 195 2020 ire
207 1967 468 2036 pergamensibus
480 1969 603 2020 dedimus
613 1976 708 2022 ratem.

79 2039 133 2091 Ubi
145 2041 249 2091 animus
261 2044 349 2100 errat,
360 2039 492 2105 optimum
502 2045 545 2090 est
555 2055 648 2090 cesum
659 2043 742 2108 sequi.

79 2123 184 2161 suun.
195 2110 285 2160 coeca
296 2114 339 2160 est
346 2109 500 2171 temeritas,
512 2124 581 2176 quae
592 2111 661 2177 petit
673 2125 764 2160 casum
777 2109 829 2159 du-

599 2195 667 2230 cem.
833 2179 884 2228 115

81 2262 182 2300 carr.
194 2249 242 2299 Cui
253 2246 349 2299 ultima
359 2253 401 2300 est
412 2246 536 2312 fortuna,
548 2251 607 2316 quis
618 2248 725 2300 dubiam
739 2247 833 2300 timet'l

78 2331 183 2370 surm
195 2317 270 2368 Tuta
280 2322 323 2370 est
331 2318 452 2386 latetque
464 2318 557 2384 culpa,
568 2319 591 2370 si
601 2320 717 2385 puteris,
726 2324 782 2369 tua.

81 2402 180 2440 cur'r.
192 2387 319 2439 Perlucet
330 2402 409 2438 omne
419 2388 511 2456 regiae
521 2389 615 2438 vitium
627 2388 732 2439 domus.

78 2473 97 2509 n
105 2471 185 2509 ura.
196 2457 277 2526 Piget
286 2458 398 2524 prioris,
410 2463 439 2510 et
449 2473 548 2508 novum
560 2459 661 2509 crimen
673 2457 773 2509 struisl

81 2542 183 2580 eurr.
193 2526 247 2578 Res
257 2534 301 2579 est
310 2527 436 2593 profecto
447 2527 530 2578 stulta
542 2529 677 2595 nequitiae
689 2529 793 2579 modus.
836 2529 885 2578 150

79 2611 184 2650 suun.
197 2596 278 2659 Quod
287 2599 398 2661 metuit,
410 2603 506 2666 auget,
518 2599 563 2664 qui
574 2597 662 2650 scelus
673 2598 776 2649 scelere
787 2597 884 2648 obruit.

82 2683 124 2719 ca
131 2682 182 2719 rr.
192 2668 230 2719 Et
240 2666 343 2718 ferrum
355 2675 383 2719 et
392 2669 462 2736 ignis
473 2682 556 2734 saepe
566 2668 716 2719 medicinae
726 2668 788 2720 loco
800 2672 849 2718 est.

79 2753 99 2791 Ν
109 2752 185 2789 uus.
196 2739 329 2788 Extrema
339 2740 424 2806 primo
437 2753 515 2788 nemo
527 2740 642 2790 tentavit
651 2738 722 2790 loco.
