2150 3125
170 236 221 287 246
291 257 297 274 ·
341 236 375 287 1..
411 232 778 287 ANNAsslsuNccAE

229 340 380 403 Danaides,
392 342 477 393 coite:
487 346 593 391 vestm
604 339 648 390 hio
659 340 716 391 dies
727 340 834 407 quaerit
842 350 951 389 nonnose

230 409 346 460 Gravior
356 408 453 461 horum
464 424 557 478 poena*
565 410 659 461 sedeat
670 410 797 477 coniugis
803 419 901 460 socero
907 408 970 458 mei.

167 480 217 528 tio
229 479 363 530 Lubricus
373 495 423 547 per
431 492 499 530 sexa
509 485 587 530 retro
597 478 743 547 Sisyphum
755 479 846 529 seirat
855 478 933 545 lapis.

228 547 306 599 Nunc
315 550 381 599 meis
392 555 493 600 vocata
502 551 588 601 sacris
599 549 805 600 noctium·sidus
813 549 883 612 reni,

228 618 586 681 Pessimosindutoruitus‚
597 618 688 671 fronte
704 630 758 669 uon
775 632 828 669 uua
844 619 947 669 nnnax!

229 688 292 739 Tibi
302 702 379 739 more
387 690 477 757 gentis
487 687 594 740 vinculo
605 688 713 739 soiuens
725 702 838 753 ueniam,

230 755 343 809 Secreta
354 758 427 808 nudo
436 772 551 808 nemora
559 756 759 824 hismari-pedis,

169 827 219 878 755
231 827 267 879 Et
278 828 395 878 evoconi·
401 827 519 877 nubibus
527 828 634 879 siceisa
653 842 712 890 uas,

231 898 335 964 Egique
347 896 381 947 ad
391 897 475 947 imm
487 898 588 959 maris,
599 902 628 947 et
664 910 763 949 oesnus
774 908 875 965 graues·
1020 926 1046 983 b

230 966 345 1018 interius
356 966 442 1016 undas
454 966 663 1018 aestibusrictis
674 968 761 1032 dedit3
891 986 936 1049 m«
954 960 993 1024 ss

231 1036 391 1103 Pariterque
401 1036 517 1086 nundus
527 1036 592 1104 lege
600 1036 715 1087 eoniusa
725 1025 862 1091 aetheris!

231 1105 268 1155 Et
278 1104 363 1155 solem
375 1111 403 1155 et
414 1110 489 1155 astra
498 1106 580 1168 ridit3
592 1112 621 1157 et
629 1092 743 1157 vffifu‘m
755 1119 830 1157 niune

171 1174 222 1224 too
233 1174 389 1241 Tetigistis,
400 1174 493 1225 Ursae
530 1176 698 1242 Teurporum
709 1175 772 1227 flexi
783 1175 868 1228 moes!

230 1242 431 1294 Aestivateilus
443 1242 714 1308 uomitmntuzmm,
843 1257 845 1261 ·

231 1312 350 1364 Messeni
363 1318 461 1364 coacta
468 1314 536 1364 sidit
548 1312 689 1366 hibernam
701 1316 791 1367 Ceres.

233 1380 361 1434 Violenta
371 1380 467 1433 Phasis
478 1384 563 1434 vertit
571 1384 598 1433 iu
610 1382 714 1435 fontem
724 1386 807 1449 uads3

232 1452 270 1502 Et
281 1452 366 1513 ister,
374 1452 401 1502 in
413 1457 459 1502 tot
469 1468 518 1503 ora
528 1452 644 1516 divisus,
654 1460 746 1507 huces

173 1520 222 1572 765
235 1522 402 1588 compressit
411 1522 511 1586 undas,
523 1522 818 1594 omuibusripispigun

233 1589 355 1642 Sonuere
366 1591 479 1656 fluetus,
490 1595 724 1644 tunuirrinssnun
735 1609 819 1658 mass,

233 1663 356 1711 Tacente
367 1667 458 1713 vento.
493 1662 621 1714 Nemesis
630 1665 734 1731 antiqui
744 1663 843 1716 domus

233 1731 329 1781 Amisit
337 1731 462 1782 umbram
471 1734 547 1783 vocis
555 1734 670 1799 imperio
681 1746 766 1785 meae·

233 1800 286 1850 Die
297 1800 393 1852 relicto
403 1799 534 1853 Phoebus
543 1802 570 1852 in
581 1801 672 1853 medio
684 1805 774 1867 stetit3

173 1871 224 1921 tro
235 1868 404 1937 Hyadesque
415 1871 515 1922 nostris
525 1872 648 1922 cantibus
658 1879 750 1924 motae
760 1874 861 1924 labant.

233 1938 335 1990 Adesse
346 1941 432 1991 sacris
441 1946 550 2007 tempus
561 1946 616 2004 est,
627 1939 753 2005 Phoebe,
765 1941 830 1993 tuis!

235 2008 299 2058 Tibi
308 2006 378 2060 haec
389 2016 503 2061 cruenta
512 2015 588 2061 serta
596 2016 727 2062 texuntur
739 2027 828 2076 manu,

233 2077 348 2129 Novena
358 2094 428 2146 quae
439 2093 552 2145 serpens
563 2079 644 2148 ligati

234 2145 298 2198 Tibi
308 2145 391 2206 haee,
407 2146 558 2214 Typhoeus
568 2149 691 2201 membre
709 2165 778 2217 quae
789 2149 894 2200 discors
904 2150 978 2212 tulit,

173 2217 224 2268 tub
237 2216 290 2278 Qui
300 2230 387 2284 regna
396 2220 533 2269 concussit
544 2219 624 2270 lovis.

235 2285 362 2337 Vectoris
373 2289 435 2337 istic
445 2287 542 2354 perfidi
553 2289 662 2356 sanguis
672 2289 751 2351 inest,

236 2356 323 2416 Quem
334 2355 436 2407 Nessus
448 2357 574 2423 expirans
584 2357 666 2409 dedit.

235 2425 355 2476 Oetaeus
365 2427 419 2476 isto
431 2429 521 2478 cinere
532 2425 633 2478 deiecit
644 2443 735 2496 rogus,

236 2493 290 2553 Qui
300 2495 374 2544 virus
384 2496 548 2547 Herculeum
559 2497 634 2547 bibit.

175 2562 226 2614 teo
237 2561 304 2612 Piae
315 2564 432 2625 sororis,
442 2565 543 2630 impiae
553 2568 661 2628 matris,
672 2566 761 2616 facem

235 2629 345 2679 Ultricis
356 2630 486 2684 Althaeae
496 2635 580 2685 vides.

236 2697 355 2762 Reliquit
364 2701 433 2750 istas
443 2701 515 2753 invio
526 2704 633 2769 plumes
642 2716 725 2770 specu

238 2766 373 2830 Harpyia,
387 2768 449 2817 duni
462 2771 547 2820 Zeten
560 2771 630 2838 fugit
