<?xml version="1.0" encoding="UTF-8"?>
<!DOCTYPE html PUBLIC "-//W3C//DTD XHTML 1.0 Transitional//EN"
    "http://www.w3.org/TR/xhtml1/DTD/xhtml1-transitional.dtd">
<html xmlns="http://www.w3.org/1999/xhtml" xml:lang="en" lang="en">
 <head>
  <title>
</title>
<meta http-equiv="Content-Type" content="text/html;charset=utf-8" />
  <meta name='ocr-system' content='tesseract 3.04.00' />
  <meta name='ocr-capabilities' content='ocr_page ocr_carea ocr_par ocr_line ocrx_word'/>
</head>
<body>
  <div class='ocr_page' id='page_1' title='image "./lannaeisenecaet05senegoog_0219.png"; bbox 0 0 2150 3125; ppageno 0'>
   <div class='ocr_carea' id='block_1_1' title="bbox 312 216 904 271">
    <p class='ocr_par' dir='ltr' id='par_1_1' title="bbox 312 216 904 271">
     <span class='ocr_line' id='line_1_1' title="bbox 312 216 904 271; baseline 0.012 -8"><span class='ocrx_word' id='word_1_1' title='bbox 312 216 904 271; x_wconf 55' lang='lat' dir='ltr'><strong>northumberland</strong></span> 
     </span>
    </p>
   </div>
   <div class='ocr_carea' id='block_1_2' title="bbox 106 319 906 2408">
    <p class='ocr_par' dir='ltr' id='par_1_2' title="bbox 108 319 849 455">
     <span class='ocr_line' id='line_1_2' title="bbox 108 319 849 388; baseline 0.009 -21"><span class='ocrx_word' id='word_1_2' title='bbox 108 332 185 368; x_wconf 80' lang='lat' dir='ltr'><strong>rssc.</strong></span> <span class='ocrx_word' id='word_1_3' title='bbox 197 319 282 370; x_wconf 76' lang='lat' dir='ltr'><strong>Estne</strong></span> <span class='ocrx_word' id='word_1_4' title='bbox 293 319 397 386; x_wconf 83' lang='lat' dir='ltr'><strong>aliquis,</strong></span> <span class='ocrx_word' id='word_1_5' title='bbox 410 319 552 371; x_wconf 77' lang='lat' dir='ltr'><strong>Hecubam</strong></span> <span class='ocrx_word' id='word_1_6' title='bbox 563 322 608 388; x_wconf 91' lang='lat' dir='ltr'><strong>qui</strong></span> <span class='ocrx_word' id='word_1_7' title='bbox 618 336 696 373; x_wconf 85' lang='lat' dir='ltr'><strong>suum</strong></span> <span class='ocrx_word' id='word_1_8' title='bbox 706 321 849 375; x_wconf 79' lang='lat' dir='ltr'><strong>dicireliti</strong></span> 
     </span>
     <span class='ocr_line' id='line_1_3' title="bbox 109 386 754 455; baseline 0.013 -18"><span class='ocrx_word' id='word_1_9' title='bbox 109 401 186 437; x_wconf 82' lang='grc' dir='ltr'>ιιιιι.</span> <span class='ocrx_word' id='word_1_10' title='bbox 196 386 290 438; x_wconf 91' lang='lat' dir='ltr'><strong>lthaco</strong></span> <span class='ocrx_word' id='word_1_11' title='bbox 302 389 422 455; x_wconf 77' lang='lat' dir='ltr'><strong>obtigisti</strong></span> <span class='ocrx_word' id='word_1_12' title='bbox 433 390 536 455; x_wconf 80' lang='lat' dir='ltr'><strong>praeda</strong></span> <span class='ocrx_word' id='word_1_13' title='bbox 545 389 647 443; x_wconf 86' lang='lat' dir='ltr'><strong>nolenti</strong></span> <span class='ocrx_word' id='word_1_14' title='bbox 656 392 754 445; x_wconf 81' lang='lat' dir='ltr'><strong>brevis.</strong></span> 
     </span>
    </p>

    <p class='ocr_par' dir='ltr' id='par_1_3' title="bbox 108 458 904 596">
     <span class='ocr_line' id='line_1_4' title="bbox 108 458 904 531; baseline 0.005 -23"><span class='ocrx_word' id='word_1_15' title='bbox 108 471 185 508; x_wconf 79' lang='lat' dir='ltr'><strong>rrae.</strong></span> <span class='ocrx_word' id='word_1_16' title='bbox 197 458 263 519; x_wconf 73' lang='lat' dir='ltr'><strong>Quis</strong></span> <span class='ocrx_word' id='word_1_17' title='bbox 274 464 329 509; x_wconf 87' lang='lat' dir='ltr'><strong>tam</strong></span> <span class='ocrx_word' id='word_1_18' title='bbox 338 458 473 525; x_wconf 73' lang='lat' dir='ltr'><strong>impotens</strong></span> <span class='ocrx_word' id='word_1_19' title='bbox 484 474 517 513; x_wconf 82' lang='lat' dir='ltr'><strong>ac</strong></span> <span class='ocrx_word' id='word_1_20' title='bbox 528 459 602 513; x_wconf 90' lang='lat' dir='ltr'><strong>dirus</strong></span> <span class='ocrx_word' id='word_1_21' title='bbox 614 462 659 513; x_wconf 83' lang='lat' dir='ltr'><strong>et</strong></span> <span class='ocrx_word' id='word_1_22' title='bbox 650 463 758 531; x_wconf 77' lang='lat' dir='ltr'><strong>iniquae</strong></span> <span class='ocrx_word' id='word_1_23' title='bbox 771 462 845 515; x_wconf 84' lang='lat' dir='ltr'><strong>ferus</strong></span> <span class='ocrx_word' id='word_1_24' title='bbox 856 464 904 515; x_wconf 81' lang='grc'><strong>085</strong></span> 
     </span>
     <span class='ocr_line' id='line_1_5' title="bbox 109 527 632 596; baseline 0.004 -17"><span class='ocrx_word' id='word_1_25' title='bbox 109 527 229 579; x_wconf 86' lang='lat' dir='ltr'><strong>Sortitor</strong></span> <span class='ocrx_word' id='word_1_26' title='bbox 238 544 322 580; x_wconf 85' lang='lat' dir='ltr'><strong>urnae</strong></span> <span class='ocrx_word' id='word_1_27' title='bbox 332 528 440 595; x_wconf 76' lang='lat' dir='ltr'><strong>regibus</strong></span> <span class='ocrx_word' id='word_1_28' title='bbox 451 544 530 596; x_wconf 76' lang='lat' dir='ltr'><strong>reges</strong></span> <span class='ocrx_word' id='word_1_29' title='bbox 541 530 632 583; x_wconf 78' lang='lat' dir='ltr'><strong>dediti</strong></span> 
     </span>
    </p>

    <p class='ocr_par' dir='ltr' id='par_1_4' title="bbox 108 597 668 665">
     <span class='ocr_line' id='line_1_6' title="bbox 108 597 668 665; baseline 0.005 -17"><span class='ocrx_word' id='word_1_30' title='bbox 108 599 175 660; x_wconf 75' lang='lat' dir='ltr'><strong>Quis</strong></span> <span class='ocrx_word' id='word_1_31' title='bbox 186 603 241 649; x_wconf 89' lang='lat' dir='ltr'><strong>tam</strong></span> <span class='ocrx_word' id='word_1_32' title='bbox 254 600 362 648; x_wconf 82' lang='lat' dir='ltr'><strong>sinister</strong></span> <span class='ocrx_word' id='word_1_33' title='bbox 372 597 468 652; x_wconf 80' lang='lat' dir='ltr'><strong>dividit</strong></span> <span class='ocrx_word' id='word_1_34' title='bbox 478 605 573 665; x_wconf 85' lang='lat' dir='ltr'><strong>captas</strong></span> <span class='ocrx_word' id='word_1_35' title='bbox 584 598 668 653; x_wconf 85' lang='lat' dir='ltr'><strong>deusl</strong></span> 
     </span>
    </p>

    <p class='ocr_par' dir='ltr' id='par_1_5' title="bbox 110 666 669 737">
     <span class='ocr_line' id='line_1_7' title="bbox 110 666 669 737; baseline 0.007 -20"><span class='ocrx_word' id='word_1_36' title='bbox 110 669 175 729; x_wconf 75' lang='lat' dir='ltr'><strong>Quis</strong></span> <span class='ocrx_word' id='word_1_37' title='bbox 186 667 289 718; x_wconf 84' lang='lat' dir='ltr'><strong>arbiter</strong></span> <span class='ocrx_word' id='word_1_38' title='bbox 300 666 414 722; x_wconf 87' lang='lat' dir='ltr'><strong>crudelis</strong></span> <span class='ocrx_word' id='word_1_39' title='bbox 425 673 454 719; x_wconf 82' lang='lat' dir='ltr'><strong>et</strong></span> <span class='ocrx_word' id='word_1_40' title='bbox 463 670 569 721; x_wconf 69' lang='lat' dir='ltr'><strong>mmerls</strong></span> <span class='ocrx_word' id='word_1_41' title='bbox 579 671 669 737; x_wconf 79' lang='lat' dir='ltr'><strong>gravis</strong></span> 
     </span>
    </p>

    <p class='ocr_par' dir='ltr' id='par_1_6' title="bbox 108 737 685 805">
     <span class='ocr_line' id='line_1_8' title="bbox 108 737 685 805; baseline 0.007 -18"><span class='ocrx_word' id='word_1_42' title='bbox 108 738 216 805; x_wconf 82' lang='lat' dir='ltr'><strong>Eligere</strong></span> <span class='ocrx_word' id='word_1_43' title='bbox 226 737 350 794; x_wconf 86' lang='lat' dir='ltr'><strong>dominos</strong></span> <span class='ocrx_word' id='word_1_44' title='bbox 361 738 461 799; x_wconf 85' lang='lat' dir='ltr'><strong>nescit,</strong></span> <span class='ocrx_word' id='word_1_45' title='bbox 472 744 501 790; x_wconf 89' lang='lat' dir='ltr'><strong>et</strong></span> <span class='ocrx_word' id='word_1_46' title='bbox 510 754 594 791; x_wconf 82' lang='lat' dir='ltr'><strong>saeva</strong></span> <span class='ocrx_word' id='word_1_47' title='bbox 603 754 685 791; x_wconf 88' lang='lat' dir='ltr'><strong>manu</strong></span> 
     </span>
    </p>

    <p class='ocr_par' dir='ltr' id='par_1_7' title="bbox 107 805 905 944">
     <span class='ocr_line' id='line_1_9' title="bbox 107 805 905 876; baseline 0.003 -18"><span class='ocrx_word' id='word_1_48' title='bbox 107 807 163 859; x_wconf 86' lang='lat' dir='ltr'><strong>Dat</strong></span> <span class='ocrx_word' id='word_1_49' title='bbox 172 810 265 876; x_wconf 85' lang='lat' dir='ltr'><strong>iniqua</strong></span> <span class='ocrx_word' id='word_1_50' title='bbox 275 807 379 859; x_wconf 83' lang='lat' dir='ltr'><strong>miseris</strong></span> <span class='ocrx_word' id='word_1_51' title='bbox 390 805 465 857; x_wconf 79' lang='lat' dir='ltr'><strong>fatal</strong></span> <span class='ocrx_word' id='word_1_52' title='bbox 487 809 545 874; x_wconf 86' lang='lat' dir='ltr'><strong>quis</strong></span> <span class='ocrx_word' id='word_1_53' title='bbox 556 814 671 865; x_wconf 81' lang='lat' dir='ltr'><strong>matrem</strong></span> <span class='ocrx_word' id='word_1_54' title='bbox 682 810 811 861; x_wconf 81' lang='lat' dir='ltr'><strong>Hectoris</strong></span> <span class='ocrx_word' id='word_1_55' title='bbox 855 810 905 862; x_wconf 81' lang='grc'><strong>900</strong></span> 
     </span>
     <span class='ocr_line' id='line_1_10' title="bbox 107 874 735 944; baseline 0.002 -17"><span class='ocrx_word' id='word_1_56' title='bbox 107 877 194 929; x_wconf 77' lang='lat' dir='ltr'><strong>Armis</strong></span> <span class='ocrx_word' id='word_1_57' title='bbox 204 874 312 929; x_wconf 81' lang='lat' dir='ltr'><strong>Achillis</strong></span> <span class='ocrx_word' id='word_1_58' title='bbox 322 874 437 928; x_wconf 81' lang='lat' dir='ltr'><strong>miscetl</strong></span> <span class='ocrx_word' id='word_1_59' title='bbox 457 877 497 927; x_wconf 80' lang='lat' dir='ltr'><strong>dd</strong></span> <span class='ocrx_word' id='word_1_60' title='bbox 509 878 624 944; x_wconf 85' lang='lat' dir='ltr'><strong>Ulyssen</strong></span> <span class='ocrx_word' id='word_1_61' title='bbox 634 877 735 931; x_wconf 83' lang='lat' dir='ltr'><strong>rocori</strong></span> 
     </span>
    </p>

    <p class='ocr_par' dir='ltr' id='par_1_8' title="bbox 108 946 771 1013">
     <span class='ocr_line' id='line_1_11' title="bbox 108 946 771 1013; baseline 0.005 -16"><span class='ocrx_word' id='word_1_62' title='bbox 108 946 186 998; x_wconf 87' lang='lat' dir='ltr'><strong>Nunc</strong></span> <span class='ocrx_word' id='word_1_63' title='bbox 195 949 281 1009; x_wconf 84' lang='lat' dir='ltr'><strong>ricta,</strong></span> <span class='ocrx_word' id='word_1_64' title='bbox 294 962 363 996; x_wconf 87' lang='lat' dir='ltr'><strong>nunc</strong></span> <span class='ocrx_word' id='word_1_65' title='bbox 376 947 498 1013; x_wconf 74' lang='lat' dir='ltr'><strong>captiva,</strong></span> <span class='ocrx_word' id='word_1_66' title='bbox 509 963 580 999; x_wconf 89' lang='lat' dir='ltr'><strong>nuno</strong></span> <span class='ocrx_word' id='word_1_67' title='bbox 591 949 696 999; x_wconf 84' lang='lat' dir='ltr'><strong>cunctis</strong></span> <span class='ocrx_word' id='word_1_68' title='bbox 707 947 771 1000; x_wconf 84' lang='lat' dir='ltr'><strong>milri</strong></span> 
     </span>
    </p>

    <p class='ocr_par' dir='ltr' id='par_1_9' title="bbox 108 1013 712 1084">
     <span class='ocr_line' id='line_1_12' title="bbox 108 1013 712 1084; baseline 0 -17"><span class='ocrx_word' id='word_1_69' title='bbox 108 1017 228 1069; x_wconf 81' lang='lat' dir='ltr'><strong>Obsessa</strong></span> <span class='ocrx_word' id='word_1_70' title='bbox 238 1016 332 1067; x_wconf 89' lang='lat' dir='ltr'><strong>videor</strong></span> <span class='ocrx_word' id='word_1_71' title='bbox 343 1013 476 1069; x_wconf 77' lang='lat' dir='ltr'><strong>cladibus!</strong></span> <span class='ocrx_word' id='word_1_72' title='bbox 498 1015 608 1068; x_wconf 81' lang='lat' dir='ltr'><strong>Domini</strong></span> <span class='ocrx_word' id='word_1_73' title='bbox 619 1018 712 1084; x_wconf 76' lang='lat' dir='ltr'><strong>pudet,</strong></span> 
     </span>
    </p>

    <p class='ocr_par' dir='ltr' id='par_1_10' title="bbox 107 1086 701 1152">
     <span class='ocr_line' id='line_1_13' title="bbox 107 1086 701 1152; baseline 0.003 -15"><span class='ocrx_word' id='word_1_74' title='bbox 107 1086 169 1137; x_wconf 90' lang='lat' dir='ltr'><strong>Non</strong></span> <span class='ocrx_word' id='word_1_75' title='bbox 179 1088 325 1138; x_wconf 76' lang='lat' dir='ltr'><strong>servitutis.</strong></span> <span class='ocrx_word' id='word_1_76' title='bbox 353 1086 485 1137; x_wconf 81' lang='lat' dir='ltr'><strong>Hectoris</strong></span> <span class='ocrx_word' id='word_1_77' title='bbox 493 1086 609 1152; x_wconf 79' lang='lat' dir='ltr'><strong>spolium</strong></span> <span class='ocrx_word' id='word_1_78' title='bbox 621 1086 701 1150; x_wconf 85' lang='lat' dir='ltr'><strong>feret,</strong></span> 
     </span>
    </p>

    <p class='ocr_par' dir='ltr' id='par_1_11' title="bbox 106 1153 905 1291">
     <span class='ocr_line' id='line_1_14' title="bbox 108 1153 905 1217; baseline 0.003 -10"><span class='ocrx_word' id='word_1_79' title='bbox 108 1158 159 1217; x_wconf 75' lang='lat' dir='ltr'><strong>Qui</strong></span> <span class='ocrx_word' id='word_1_80' title='bbox 170 1158 233 1207; x_wconf 87' lang='lat' dir='ltr'><strong>tulit</strong></span> <span class='ocrx_word' id='word_1_81' title='bbox 243 1153 369 1207; x_wconf 65' lang='lat' dir='ltr'><strong>llcbillisl</strong></span> <span class='ocrx_word' id='word_1_82' title='bbox 389 1153 495 1207; x_wconf 80' lang='lat' dir='ltr'><strong>Sterilis</strong></span> <span class='ocrx_word' id='word_1_83' title='bbox 506 1162 535 1206; x_wconf 87' lang='lat' dir='ltr'><strong>ot</strong></span> <span class='ocrx_word' id='word_1_84' title='bbox 546 1157 634 1209; x_wconf 75' lang='lat' dir='ltr'><strong>saeris</strong></span> <span class='ocrx_word' id='word_1_85' title='bbox 645 1155 724 1208; x_wconf 80' lang='lat' dir='ltr'><strong>fretis</strong></span> <span class='ocrx_word' id='word_1_86' title='bbox 854 1158 905 1209; x_wconf 74' lang='lat'><strong>995</strong></span> 
     </span>
     <span class='ocr_line' id='line_1_15' title="bbox 106 1225 675 1291; baseline 0.004 -14"><span class='ocrx_word' id='word_1_87' title='bbox 106 1227 215 1277; x_wconf 80' lang='lat' dir='ltr'><strong>Inclusa</strong></span> <span class='ocrx_word' id='word_1_88' title='bbox 224 1226 303 1277; x_wconf 90' lang='lat' dir='ltr'><strong>tellus</strong></span> <span class='ocrx_word' id='word_1_89' title='bbox 313 1240 366 1276; x_wconf 87' lang='lat' dir='ltr'><strong>non</strong></span> <span class='ocrx_word' id='word_1_90' title='bbox 378 1226 452 1291; x_wconf 78' lang='lat' dir='ltr'><strong>capit</strong></span> <span class='ocrx_word' id='word_1_91' title='bbox 462 1225 580 1279; x_wconf 74' lang='lat' dir='ltr'><strong>tumidos</strong></span> <span class='ocrx_word' id='word_1_92' title='bbox 590 1241 675 1279; x_wconf 85' lang='lat' dir='ltr'><strong>meos.</strong></span> 
     </span>
    </p>

    <p class='ocr_par' dir='ltr' id='par_1_12' title="bbox 106 1293 819 1365">
     <span class='ocr_line' id='line_1_16' title="bbox 106 1293 819 1365; baseline 0 -18"><span class='ocrx_word' id='word_1_93' title='bbox 106 1295 181 1359; x_wconf 90' lang='lat' dir='ltr'><strong>Duc,</strong></span> <span class='ocrx_word' id='word_1_94' title='bbox 192 1296 257 1358; x_wconf 90' lang='lat' dir='ltr'><strong>duc,</strong></span> <span class='ocrx_word' id='word_1_95' title='bbox 269 1293 377 1360; x_wconf 89' lang='lat' dir='ltr'><strong>Ulyssei</strong></span> <span class='ocrx_word' id='word_1_96' title='bbox 398 1295 553 1359; x_wconf 79' lang='lat' dir='ltr'><strong>nilmoror3</strong></span> <span class='ocrx_word' id='word_1_97' title='bbox 564 1296 702 1347; x_wconf 78' lang='lat' dir='ltr'><strong>domiuum</strong></span> <span class='ocrx_word' id='word_1_98' title='bbox 712 1310 819 1365; x_wconf 89' lang='lat' dir='ltr'><strong>sequor.</strong></span> 
     </span>
    </p>

    <p class='ocr_par' dir='ltr' id='par_1_13' title="bbox 107 1362 726 1434">
     <span class='ocr_line' id='line_1_17' title="bbox 107 1362 726 1434; baseline 0.002 -18"><span class='ocrx_word' id='word_1_99' title='bbox 107 1366 153 1417; x_wconf 85' lang='lat' dir='ltr'><strong>Me</strong></span> <span class='ocrx_word' id='word_1_100' title='bbox 163 1382 225 1417; x_wconf 87' lang='lat' dir='ltr'><strong>mea</strong></span> <span class='ocrx_word' id='word_1_101' title='bbox 235 1370 382 1433; x_wconf 83' lang='lat' dir='ltr'><strong>sequentur</strong></span> <span class='ocrx_word' id='word_1_102' title='bbox 392 1362 464 1419; x_wconf 80' lang='lat' dir='ltr'><strong>fate.</strong></span> <span class='ocrx_word' id='word_1_103' title='bbox 475 1380 530 1417; x_wconf 85' lang='lat' dir='ltr'><strong>uon</strong></span> <span class='ocrx_word' id='word_1_104' title='bbox 542 1365 640 1433; x_wconf 70' lang='lat' dir='ltr'><strong>pelago</strong></span> <span class='ocrx_word' id='word_1_105' title='bbox 650 1367 726 1434; x_wconf 82' lang='lat' dir='ltr'><strong>quies</strong></span> 
     </span>
    </p>

    <p class='ocr_par' dir='ltr' id='par_1_14' title="bbox 108 1434 684 1503">
     <span class='ocr_line' id='line_1_18' title="bbox 108 1434 684 1503; baseline 0 -16"><span class='ocrx_word' id='word_1_106' title='bbox 108 1435 263 1503; x_wconf 79' lang='lat' dir='ltr'><strong>Tranquillo</strong></span> <span class='ocrx_word' id='word_1_107' title='bbox 275 1435 378 1495; x_wconf 84' lang='lat' dir='ltr'><strong>reniet,</strong></span> <span class='ocrx_word' id='word_1_108' title='bbox 389 1434 493 1488; x_wconf 66' lang='lat' dir='ltr'><strong>saeviet</strong></span> <span class='ocrx_word' id='word_1_109' title='bbox 501 1436 590 1487; x_wconf 81' lang='lat' dir='ltr'><strong>veniis</strong></span> <span class='ocrx_word' id='word_1_110' title='bbox 600 1450 684 1498; x_wconf 80' lang='lat' dir='ltr'><strong>mars,</strong></span> 
     </span>
    </p>

    <p class='ocr_par' dir='ltr' id='par_1_15' title="bbox 106 1504 906 1712">
     <span class='ocr_line' id='line_1_19' title="bbox 107 1504 906 1573; baseline 0.001 -18"><span class='ocrx_word' id='word_1_111' title='bbox 107 1506 143 1556; x_wconf 85' lang='lat' dir='ltr'><strong>Et</strong></span> <span class='ocrx_word' id='word_1_112' title='bbox 153 1506 237 1568; x_wconf 86' lang='lat' dir='ltr'><strong>bella</strong></span> <span class='ocrx_word' id='word_1_113' title='bbox 250 1505 295 1555; x_wconf 85' lang='lat' dir='ltr'><strong>et</strong></span> <span class='ocrx_word' id='word_1_114' title='bbox 287 1520 371 1573; x_wconf 80' lang='lat' dir='ltr'><strong>rgnrs</strong></span> <span class='ocrx_word' id='word_1_115' title='bbox 385 1510 413 1555; x_wconf 82' lang='lat' dir='ltr'><strong>ct</strong></span> <span class='ocrx_word' id='word_1_116' title='bbox 423 1504 635 1557; x_wconf 74' lang='lat' dir='ltr'><strong>meaeiPrramr</strong></span> <span class='ocrx_word' id='word_1_117' title='bbox 646 1505 725 1556; x_wconf 81' lang='lat' dir='ltr'><strong>mals.</strong></span> <span class='ocrx_word' id='word_1_118' title='bbox 838 1508 906 1556; x_wconf 93' lang='grc'>1000</span> 
     </span>
     <span class='ocr_line' id='line_1_20' title="bbox 106 1573 854 1658; baseline -0.001 -32"><span class='ocrx_word' id='word_1_119' title='bbox 106 1575 232 1643; x_wconf 87' lang='lat' dir='ltr'><strong>Dumque</strong></span> <span class='ocrx_word' id='word_1_120' title='bbox 242 1575 423 1635; x_wconf 73' lang='lat' dir='ltr'><strong>interemunt,</strong></span> <span class='ocrx_word' id='word_1_121' title='bbox 428 1575 538 1626; x_wconf 81' lang='lat' dir='ltr'><strong>interim</strong></span> <span class='ocrx_word' id='word_1_122' title='bbox 548 1573 601 1626; x_wconf 89' lang='lat' dir='ltr'><strong>boc</strong></span> <span class='ocrx_word' id='word_1_123' title='bbox 612 1590 716 1658; x_wconf 76' lang='lat' dir='ltr'><strong>qoenaa</strong></span> <span class='ocrx_word' id='word_1_124' title='bbox 726 1576 788 1628; x_wconf 87' lang='lat' dir='ltr'><strong>loco</strong></span> <span class='ocrx_word' id='word_1_125' title='bbox 800 1581 854 1628; x_wconf 85' lang='lat' dir='ltr'><strong>est:</strong></span> 
     </span>
     <span class='ocr_line' id='line_1_21' title="bbox 108 1645 697 1712; baseline 0 -16"><span class='ocrx_word' id='word_1_126' title='bbox 108 1645 216 1698; x_wconf 86' lang='lat' dir='ltr'><strong>Sortem</strong></span> <span class='ocrx_word' id='word_1_127' title='bbox 228 1645 372 1712; x_wconf 83' lang='lat' dir='ltr'><strong>occupari,</strong></span> <span class='ocrx_word' id='word_1_128' title='bbox 383 1646 533 1710; x_wconf 80' lang='lat' dir='ltr'><strong>praendum</strong></span> <span class='ocrx_word' id='word_1_129' title='bbox 544 1647 630 1712; x_wconf 82' lang='lat' dir='ltr'><strong>eripui</strong></span> <span class='ocrx_word' id='word_1_130' title='bbox 640 1646 697 1696; x_wconf 88' lang='lat' dir='ltr'><strong>tibi.</strong></span> 
     </span>
    </p>

    <p class='ocr_par' dir='ltr' id='par_1_16' title="bbox 108 1711 656 1782">
     <span class='ocr_line' id='line_1_22' title="bbox 108 1711 656 1782; baseline -0.002 -16"><span class='ocrx_word' id='word_1_131' title='bbox 108 1714 162 1767; x_wconf 86' lang='lat' dir='ltr'><strong>Sed</strong></span> <span class='ocrx_word' id='word_1_132' title='bbox 172 1716 286 1766; x_wconf 86' lang='lat' dir='ltr'><strong>incitato</strong></span> <span class='ocrx_word' id='word_1_133' title='bbox 298 1711 421 1780; x_wconf 86' lang='lat' dir='ltr'><strong>Pyrrhus</strong></span> <span class='ocrx_word' id='word_1_134' title='bbox 430 1714 552 1767; x_wconf 74' lang='lat' dir='ltr'><strong>adcurrit</strong></span> <span class='ocrx_word' id='word_1_135' title='bbox 560 1715 656 1782; x_wconf 80' lang='lat' dir='ltr'><strong>gradu,</strong></span> 
     </span>
    </p>

    <p class='ocr_par' dir='ltr' id='par_1_17' title="bbox 107 1782 905 1991">
     <span class='ocr_line' id='line_1_23' title="bbox 108 1782 786 1852; baseline -0.003 -16"><span class='ocrx_word' id='word_1_136' title='bbox 108 1785 192 1836; x_wconf 88' lang='lat' dir='ltr'><strong>Vultu</strong></span> <span class='ocrx_word' id='word_1_137' title='bbox 194 1791 345 1852; x_wconf 83' lang='lat' dir='ltr'><strong>quetorvo.</strong></span> <span class='ocrx_word' id='word_1_138' title='bbox 383 1782 503 1849; x_wconf 83' lang='lat' dir='ltr'><strong>Pyrrlre,</strong></span> <span class='ocrx_word' id='word_1_139' title='bbox 532 1783 699 1837; x_wconf 79' lang='lat' dir='ltr'><strong>uidcessasi</strong></span> <span class='ocrx_word' id='word_1_140' title='bbox 721 1785 786 1850; x_wconf 81' lang='lat' dir='ltr'><strong>Age,</strong></span> 
     </span>
     <span class='ocr_line' id='line_1_24' title="bbox 107 1853 905 1920; baseline -0.004 -14"><span class='ocrx_word' id='word_1_141' title='bbox 107 1802 310 1906; x_wconf 82' lang='lat' dir='ltr'><strong>Recludeferro</strong></span> <span class='ocrx_word' id='word_1_142' title='bbox 322 1860 431 1920; x_wconf 82' lang='lat' dir='ltr'><strong>pectus,</strong></span> <span class='ocrx_word' id='word_1_143' title='bbox 442 1854 545 1904; x_wconf 74' lang='lat' dir='ltr'><strong>etilo·</strong></span> <span class='ocrx_word' id='word_1_144' title='bbox 569 1855 641 1907; x_wconf 84' lang='lat' dir='ltr'><strong>&#39;stui</strong></span> <span class='ocrx_word' id='word_1_145' title='bbox 838 1853 905 1903; x_wconf 81' lang='grc'>1005</span> 
     </span>
     <span class='ocr_line' id='line_1_25' title="bbox 108 1921 758 1991; baseline -0.003 -16"><span class='ocrx_word' id='word_1_146' title='bbox 108 1926 245 1991; x_wconf 84' lang='lat' dir='ltr'><strong>coniunge</strong></span> <span class='ocrx_word' id='word_1_147' title='bbox 256 1921 380 1974; x_wconf 77' lang='lat' dir='ltr'><strong>soceros!</strong></span> <span class='ocrx_word' id='word_1_148' title='bbox 391 1923 494 1989; x_wconf 73' lang='lat' dir='ltr'><strong>Perge,</strong></span> <span class='ocrx_word' id='word_1_149' title='bbox 505 1929 642 1976; x_wconf 81' lang='lat' dir='ltr'><strong>mactator</strong></span> <span class='ocrx_word' id='word_1_150' title='bbox 651 1937 758 1975; x_wconf 85' lang='lat' dir='ltr'><strong>senum:</strong></span> 
     </span>
    </p>

    <p class='ocr_par' dir='ltr' id='par_1_18' title="bbox 106 1991 742 2060">
     <span class='ocr_line' id='line_1_26' title="bbox 106 1991 742 2060; baseline -0.002 -15"><span class='ocrx_word' id='word_1_151' title='bbox 106 1995 143 2045; x_wconf 86' lang='lat' dir='ltr'><strong>Et</strong></span> <span class='ocrx_word' id='word_1_152' title='bbox 153 1993 197 2044; x_wconf 89' lang='lat' dir='ltr'><strong>hic</strong></span> <span class='ocrx_word' id='word_1_153' title='bbox 209 1993 287 2046; x_wconf 85' lang='lat' dir='ltr'><strong>decet</strong></span> <span class='ocrx_word' id='word_1_154' title='bbox 297 1999 328 2045; x_wconf 86' lang='lat' dir='ltr'><strong>te</strong></span> <span class='ocrx_word' id='word_1_155' title='bbox 337 1993 455 2060; x_wconf 79' lang='lat' dir='ltr'><strong>sanguia</strong></span> <span class='ocrx_word' id='word_1_156' title='bbox 491 1992 579 2060; x_wconf 83' lang='lat' dir='ltr'><strong>llbrep</strong></span> <span class='ocrx_word' id='word_1_157' title='bbox 581 1999 637 2044; x_wconf 89' lang='lat' dir='ltr'><strong>tam</strong></span> <span class='ocrx_word' id='word_1_158' title='bbox 648 1991 742 2044; x_wconf 85' lang='lat' dir='ltr'><strong>trahitl</strong></span> 
     </span>
    </p>

    <p class='ocr_par' dir='ltr' id='par_1_19' title="bbox 107 2011 791 2198">
     <span class='ocr_line' id='line_1_27' title="bbox 107 2011 669 2129; baseline 0.002 -15"><span class='ocrx_word' id='word_1_159' title='bbox 107 2063 245 2114; x_wconf 87' lang='lat' dir='ltr'><strong>Maculate</strong></span> <span class='ocrx_word' id='word_1_160' title='bbox 255 2077 368 2129; x_wconf 84' lang='lat' dir='ltr'><strong>superos</strong></span> <span class='ocrx_word' id='word_1_161' title='bbox 380 2061 465 2116; x_wconf 82' lang='lat' dir='ltr'><strong>caede</strong></span> <span class='ocrx_word' id='word_1_162' title='bbox 475 2011 584 2116; x_wconf 70' lang='lat' dir='ltr'><strong>momen</strong></span> <span class='ocrx_word' id='word_1_163' title='bbox 594 2064 669 2126; x_wconf 89' lang='lat' dir='ltr'><strong>deos,</strong></span> 
     </span>
     <span class='ocr_line' id='line_1_28' title="bbox 107 2130 791 2198; baseline -0.006 -14"><span class='ocrx_word' id='word_1_164' title='bbox 107 2130 362 2184; x_wconf 79' lang='lat' dir='ltr'><strong>Macrdateblanesl</strong></span> <span class='ocrx_word' id='word_1_165' title='bbox 384 2131 668 2198; x_wconf 74' lang='lat' dir='ltr'><strong>Quidprecervobisi</strong></span> <span class='ocrx_word' id='word_1_166' title='bbox 688 2132 791 2183; x_wconf 84' lang='lat' dir='ltr'><strong>Precor</strong></span> 
     </span>
    </p>

    <p class='ocr_par' dir='ltr' id='par_1_20' title="bbox 108 2201 906 2340">
     <span class='ocr_line' id='line_1_29' title="bbox 108 2201 906 2270; baseline -0.006 -16"><span class='ocrx_word' id='word_1_167' title='bbox 108 2204 157 2254; x_wconf 87' lang='lat' dir='ltr'><strong>llis</strong></span> <span class='ocrx_word' id='word_1_168' title='bbox 169 2203 250 2270; x_wconf 84' lang='lat' dir='ltr'><strong>digna</strong></span> <span class='ocrx_word' id='word_1_169' title='bbox 260 2203 344 2253; x_wconf 90' lang='lat' dir='ltr'><strong>sacris</strong></span> <span class='ocrx_word' id='word_1_170' title='bbox 355 2215 482 2268; x_wconf 79' lang='lat' dir='ltr'><strong>aequora</strong></span> <span class='ocrx_word' id='word_1_171' title='bbox 517 2201 581 2252; x_wconf 89' lang='lat' dir='ltr'><strong>lloc</strong></span> <span class='ocrx_word' id='word_1_172' title='bbox 593 2202 674 2253; x_wconf 85' lang='lat' dir='ltr'><strong>classi</strong></span> <span class='ocrx_word' id='word_1_173' title='bbox 685 2201 793 2252; x_wconf 87' lang='lat' dir='ltr'><strong>accidat</strong></span> <span class='ocrx_word' id='word_1_174' title='bbox 839 2202 906 2250; x_wconf 87' lang='grc'>1010</span> 
     </span>
     <span class='ocr_line' id='line_1_30' title="bbox 108 2269 717 2340; baseline -0.003 -16"><span class='ocrx_word' id='word_1_175' title='bbox 108 2275 172 2324; x_wconf 91' lang='lat' dir='ltr'><strong>Toti</strong></span> <span class='ocrx_word' id='word_1_176' title='bbox 183 2273 329 2340; x_wconf 78' lang='lat' dir='ltr'><strong>Pelasgae,</strong></span> <span class='ocrx_word' id='word_1_177' title='bbox 339 2272 443 2326; x_wconf 86' lang='lat' dir='ltr'><strong>ratibus</strong></span> <span class='ocrx_word' id='word_1_178' title='bbox 453 2269 507 2321; x_wconf 89' lang='lat' dir='ltr'><strong>hoc</strong></span> <span class='ocrx_word' id='word_1_179' title='bbox 518 2272 588 2322; x_wconf 88' lang='lat' dir='ltr'><strong>mille</strong></span> <span class='ocrx_word' id='word_1_180' title='bbox 601 2271 717 2332; x_wconf 85' lang='lat' dir='ltr'><strong>accidat,</strong></span> 
     </span>
    </p>

    <p class='ocr_par' dir='ltr' id='par_1_21' title="bbox 107 2338 741 2408">
     <span class='ocr_line' id='line_1_31' title="bbox 107 2338 741 2408; baseline -0.005 -15"><span class='ocrx_word' id='word_1_181' title='bbox 107 2344 187 2394; x_wconf 85' lang='lat' dir='ltr'><strong>Meae</strong></span> <span class='ocrx_word' id='word_1_182' title='bbox 198 2341 345 2408; x_wconf 85' lang='lat' dir='ltr'><strong>precabor,</strong></span> <span class='ocrx_word' id='word_1_183' title='bbox 357 2338 512 2394; x_wconf 84' lang='lat' dir='ltr'><strong>cumrebar</strong></span> <span class='ocrx_word' id='word_1_184' title='bbox 517 2340 665 2408; x_wconf 92' lang='lat' dir='ltr'><strong>,quidquid</strong></span> <span class='ocrx_word' id='word_1_185' title='bbox 676 2339 741 2392; x_wconf 80' lang='lat' dir='ltr'><strong>retii</strong></span> 
     </span>
    </p>
   </div>
   <div class='ocr_carea' id='block_1_3' title="bbox 302 2461 713 2510">
    <p class='ocr_par' dir='ltr' id='par_1_22' title="bbox 302 2461 713 2510">
     <span class='ocr_line' id='line_1_32' title="bbox 302 2461 713 2510; baseline 0.002 -5"><span class='ocrx_word' id='word_1_186' title='bbox 302 2461 470 2507; x_wconf 72' lang='lat' dir='ltr'><strong>alfortus</strong></span> <span class='ocrx_word' id='word_1_187' title='bbox 493 2461 713 2510; x_wconf 69' lang='lat' dir='ltr'><strong>dadanum</strong></span> 
     </span>
    </p>
   </div>
   <div class='ocr_carea' id='block_1_4' title="bbox 108 2559 908 2730">
    <p class='ocr_par' dir='ltr' id='par_1_23' title="bbox 108 2559 908 2730">
     <span class='ocr_line' id='line_1_33' title="bbox 166 2559 905 2616; baseline -0.005 -12"><span class='ocrx_word' id='word_1_188' title='bbox 166 2561 252 2606; x_wconf 74' lang='lat' dir='ltr'><strong>diem</strong></span> <span class='ocrx_word' id='word_1_189' title='bbox 261 2560 382 2605; x_wconf 66' lang='lat' dir='ltr'><strong>semanno</strong></span> <span class='ocrx_word' id='word_1_190' title='bbox 390 2567 468 2604; x_wconf 74' lang='lat' dir='ltr'><strong>mea</strong></span> <span class='ocrx_word' id='word_1_191' title='bbox 477 2562 507 2603; x_wconf 79' lang='lat' dir='ltr'><strong>ab</strong></span> <span class='ocrx_word' id='word_1_192' title='bbox 516 2559 616 2603; x_wconf 80' lang='lat' dir='ltr'><strong>Helenae</strong></span> <span class='ocrx_word' id='word_1_193' title='bbox 632 2559 692 2604; x_wconf 72' lang='lat' dir='ltr'><strong>dicto</strong></span> <span class='ocrx_word' id='word_1_194' title='bbox 707 2573 778 2616; x_wconf 78' lang='lat' dir='ltr'><strong>supra</strong></span> <span class='ocrx_word' id='word_1_195' title='bbox 791 2573 848 2602; x_wconf 81' lang='lat' dir='ltr'><strong>vers.</strong></span> <span class='ocrx_word' id='word_1_196' title='bbox 865 2561 905 2602; x_wconf 81' lang='grc'><strong>011</strong></span> 
     </span>
     <span class='ocr_line' id='line_1_34' title="bbox 108 2616 908 2673; baseline -0.005 -10"><span class='ocrx_word' id='word_1_197' title='bbox 108 2633 148 2663; x_wconf 83' lang='lat' dir='ltr'><strong>nos</strong></span> <span class='ocrx_word' id='word_1_198' title='bbox 157 2621 220 2663; x_wconf 80' lang='lat' dir='ltr'><strong>levat</strong></span> <span class='ocrx_word' id='word_1_199' title='bbox 229 2617 293 2662; x_wconf 77' lang='lat' dir='ltr'><strong>tanti</strong></span> <span class='ocrx_word' id='word_1_200' title='bbox 298 2616 357 2660; x_wconf 84' lang='lat' dir='ltr'><strong>mali</strong></span> <span class='ocrx_word' id='word_1_201' title='bbox 365 2618 499 2667; x_wconf 61' lang='lat' dir='ltr'><strong>comarco,</strong></span> <span class='ocrx_word' id='word_1_202' title='bbox 510 2619 600 2660; x_wconf 76' lang='lat' dir='ltr'><strong>sclatm</strong></span> <span class='ocrx_word' id='word_1_203' title='bbox 609 2631 630 2660; x_wconf 85' lang='lat' dir='ltr'><strong>ss</strong></span> <span class='ocrx_word' id='word_1_204' title='bbox 642 2617 755 2662; x_wconf 73' lang='lat' dir='ltr'><strong>commiss*</strong></span> <span class='ocrx_word' id='word_1_205' title='bbox 758 2617 819 2660; x_wconf 79' lang='lat' dir='ltr'><strong>maio</strong></span> <span class='ocrx_word' id='word_1_206' title='bbox 827 2631 836 2664; x_wconf 83' lang='lat'><strong>,-</strong></span> <span class='ocrx_word' id='word_1_207' title='bbox 847 2619 908 2673; x_wconf 84' lang='lat' dir='ltr'><strong>quod</strong></span> 
     </span>
     <span class='ocr_line' id='line_1_35' title="bbox 108 2671 767 2730; baseline -0.003 -10"><span class='ocrx_word' id='word_1_208' title='bbox 108 2683 184 2720; x_wconf 79' lang='lat' dir='ltr'><strong>tamen</strong></span> <span class='ocrx_word' id='word_1_209' title='bbox 191 2675 302 2718; x_wconf 80' lang='lat' dir='ltr'><strong>solatium</strong></span> <span class='ocrx_word' id='word_1_210' title='bbox 308 2672 364 2729; x_wconf 77' lang='lat' dir='ltr'><strong>ipsis</strong></span> <span class='ocrx_word' id='word_1_211' title='bbox 373 2674 457 2717; x_wconf 81' lang='lat' dir='ltr'><strong>sortito</strong></span> <span class='ocrx_word' id='word_1_212' title='bbox 468 2671 585 2716; x_wconf 61' lang='lat' dir='ltr'><strong>Muneris</strong></span> <span class='ocrx_word' id='word_1_213' title='bbox 595 2671 767 2730; x_wconf 73' lang='lat' dir='ltr'><strong>oblammfore.</strong></span> 
     </span>
    </p>
   </div>
   <div class='ocr_carea' id='block_1_5' title="bbox 185 2765 702 2831">
    <p class='ocr_par' dir='ltr' id='par_1_24' title="bbox 185 2765 702 2831">
     <span class='ocr_line' id='line_1_36' title="bbox 185 2765 702 2831; baseline -0.01 -12"><span class='ocrx_word' id='word_1_214' title='bbox 185 2767 272 2818; x_wconf 87' lang='lat' dir='ltr'><strong>Dulce</strong></span> <span class='ocrx_word' id='word_1_215' title='bbox 282 2767 414 2817; x_wconf 87' lang='lat' dir='ltr'><strong>moerenti</strong></span> <span class='ocrx_word' id='word_1_216' title='bbox 427 2765 542 2831; x_wconf 76' lang='lat' dir='ltr'><strong>populus</strong></span> <span class='ocrx_word' id='word_1_217' title='bbox 554 2766 702 2828; x_wconf 87' lang='lat' dir='ltr'><strong>dolentum,</strong></span> 
     </span>
    </p>
   </div>
   <div class='ocr_carea' id='block_1_6' title="bbox 0 0 1081 3125">
    <p class='ocr_par' dir='ltr' id='par_1_25' title="bbox 0 0 1081 3125">
     <span class='ocr_line' id='line_1_37' title="bbox 0 0 1081 3125; baseline 0 0"><span class='ocrx_word' id='word_1_218' title='bbox 0 0 1081 3125; x_wconf 95' lang='lat' dir='ltr'><strong> </strong></span> 
     </span>
    </p>
   </div>
  </div>
 </body>
</html>
