2150 3125
292 218 530 273 Turusrua.
566 222 654 275 AGT.
673 223 698 275 V
866 226 900 275 11

98 324 252 392 Resupiuua
262 325 321 391 ipse
331 338 467 391 purpurae
478 330 561 392 atque
573 340 639 377 auru
650 326 774 389 incubet,
850 328 900 377 ⁹10

98 395 172 446 Viuo
182 398 325 461 gravatum
336 392 450 445 fulciens
461 392 539 444 laeva
550 400 640 461 eaput.

99 465 225 515 Eruetat.
245 462 321 513 Ome
333 462 459 514 coelitum
473 463 698 527 exealaiaeinrunr,

98 534 258 600 Regumque
268 530 372 599 regem!
384 538 449 582 vota
459 534 614 583 transcendi
625 534 698 586 mea!

100 600 183 653 Satur
192 607 249 663 eat,
258 601 354 668 capaci
363 601 438 652 ducit
449 606 562 669 argento
573 617 685 654 merum.

99 671 139 722 Ne
150 686 234 737 parce
244 676 325 737 putu:
336 676 422 721 restat
433 672 581 722 etiamnum
592 687 674 724 eruor
849 672 899 723 ata

99 742 156 792 Tot
166 737 324 791 hostiarum.
343 738 452 791 Veteris
464 738 535 790 hunc
546 740 650 791 Baeehi
661 742 731 793 culm

99 807 261 861 Ahaeendet.
280 808 341 860 Hoc
352 806 420 860 haec
432 824 525 860 mensa
536 809 679 861 claudatur
689 809 802 879 scypho.

98 879 214 929 Mirtum
225 892 335 928 auorum
346 878 503 946 sanguinem
514 880 623 946 genitor
631 878 720 943 bibat3

98 948 190 999 ideam
199 946 322 998 bibisset
340 946 428 1009 Eece,
443 948 497 998 iam
510 954 605 999 cantur
617 951 671 1000 ciet

98 1016 247 1085 Featasque
259 1030 354 1079 voees,
365 1030 416 1068 nee
426 1018 494 1068 retis
505 1020 587 1068 menti
598 1020 723 1085 imperat
847 1016 898 1067 ⁹2⁰

376 1134 620 1184 ruram&

154 1234 260 1291 Thyestis
274 1233 388 1298 mutantia
407 1239 499 1277 emuna.-
526 1248 569 1293 qao
586 1236 673 1281 inuitat
686 1250 708 1281 te
724 1241 756 1281 ad
775 1236 896 1287 laetitiam.

94 1304 162 1350 quom
172 1297 249 1334 tarrren
258 1304 318 1334 mem
327 1303 375 1343 vua
381 1302 500 1345 praesaga
509 1291 568 1334 mali
575 1305 621 1334 non
631 1293 743 1338 metit.

92 1362 214 1414 Pectora
222 1361 309 1430 longis
320 1357 450 1412 hebetata
460 1359 551 1424 malie,

92 1432 150 1483 lam
161 1430 293 1483 sollicitae
303 1430 396 1496 ponite
406 1426 497 1481 curae!

91 1502 194 1570 Fugiat
204 1515 326 1561 moeror,
336 1497 477 1568 fugiatque
487 1513 578 1566 paror.

91 1571 193 1640 Fugiat
203 1570 302 1636 trepidi
315 1583 406 1620 eomes
425 1568 496 1620 exilii

91 1642 191 1692 Tristia
203 1645 324 1708 egestae,
334 1639 468 1705 rebusque
478 1638 569 1705 gravia

90 1711 186 1760 Pudor
196 1708 321 1760 adflictis.
339 1708 428 1775 Magis
440 1707 511 1758 unde
522 1707 620 1768 eadee,

91 1780 180 1841 Quam
193 1794 261 1846 quo,
271 1776 363 1828 refert
381 1778 525 1845 Magnum,
537 1791 571 1827 ex
584 1777 639 1827 alto

90 1849 214 1899 Culmine
225 1846 329 1914 lapsum
341 1845 465 1897 stabilem
476 1847 504 1895 in
516 1846 597 1911 plano

89 1919 191 1985 Figere
201 1930 339 1984 gressum3
350 1931 492 1983 magnum,
503 1916 604 1982 ingenti

90 1987 190 2056 Strage
200 1985 333 2036 malorum
344 2000 467 2052 pressum
477 1982 558 2036 fracti

88 2057 218 2108 Pondere
228 2057 304 2123 regni
314 2071 368 2106 non
378 2053 478 2105 inflexa

90 2127 205 2178 Cerviee
217 2127 288 2193 pati,
299 2139 349 2176 nee
360 2123 520 2190 degenerem

91 2197 256 2262 victumque
267 2193 344 2244 malis
355 2199 459 2244 rectum
469 2193 612 2257 impunitas

88 2267 175 2316 Ferre
185 2265 286 2314 minan.
310 2261 364 2314 Sed
373 2263 428 2314 iam
439 2262 511 2312 saevi

88 2333 191 2385 Nubila
202 2331 253 2382 fati
266 2331 348 2398 pelle,
361 2347 394 2382 ae
403 2331 495 2381 miseri

87 2406 228 2470 Tempore
238 2403 266 2452 in
277 2402 349 2452 omni
360 2401 465 2452 dimitte
476 2405 569 2461 notaa3

86 2473 215 2524 Redeunt
225 2471 315 2522 vuitus
327 2470 361 2521 ad
370 2469 444 2520 laeta
452 2468 531 2532 boni;

86 2541 220 2594 Veterem
232 2555 266 2592 ex
277 2540 366 2590 anima
380 2539 457 2589 mitte
468 2534 624 2604 Thyesten!
636 2565 668 2574 -

86 2612 234 2678 Proprium
245 2607 299 2660 hoa
309 2609 424 2659 miseros
435 2607 558 2674 sequitur
567 2606 661 2657 vitium

86 2680 234 2748 Nunquam
244 2678 327 2730 rebus
340 2675 451 2728 eredere
460 2675 549 2726 laetis.
839 2671 891 2724 Md

86 2752 194 2802 Redeat
204 2748 269 2800 felix
279 2747 402 2798 Fortuna
410 2743 489 2806 licet,
