2150 3125
280 249 472 303 oc'rnvin.
492 252 614 306 AG‘M'.

38 353 89 405 Aut
99 351 208 404 exilium
220 353 314 473 repine
323 355 408 417 iubet,

39 422 66 475 Si
78 420 238 475 minimam
261 430 339 477 reeta
348 426 462 477 remittit

38 495 93 544 Tot
103 494 157 545 iem
166 494 267 544 nostris
281 500 309 547 et
318 494 491 546 rictamaiisi

38 562 65 615 Si
76 563 161 615 ceede
171 577 233 614 mee
243 564 380 616 oumulere
392 571 472 630 peret

38 633 142 686 Luctus
152 639 275 686 nostrosr
285 634 388 685 inridet
399 637 479 686 etiam

37 705 92 755 Cur
101 703 128 753 in
139 705 229 770 petrin
238 700 303 754 mihi
313 719 395 755 saeve
406 704 491 755 morit

36 772 90 824 Sed
102 773 155 824 iem
167 787 229 841 spes
240 779 283 825 est
293 773 366 824 nulle
374 774 481 825 salutis:

36 843 143 894 Fratris
155 858 237 894 cerno
248 843 402 895 miserenda
413 850 508 896 retem.

37 915 114 964 Haec
125 919 180 976 est,
193 912 268 964 cuius
280 920 360 965 vecte
371 915 464 964 cerina

34 982 179 1044 Quondam
188 983 320 1050 genitrix,
332 998 403 1033 nuno
414 988 442 1034 et
451 981 578 1037 thalamis

35 1051 156 1119 Expulse
166 1067 245 1102 soror
257 1053 411 1104 miserenda
421 1050 512 1104 vehar.

34 1121 144 1174 Nullum
154 1121 248 1173 Pietas
258 1137 330 1173 nuno
341 1137 438 1172 numen
450 1120 542 1187 hebet,

34 1192 94 1244 Nee
105 1196 169 1241 sunt
178 1189 290 1257 Superi3

34 1263 143 1329 Regnat
151 1261 252 1312 mundo
263 1262 349 1313 tristis
358 1262 485 1326 Erinnys.

34 1333 102 1393 Quis
112 1345 173 1382 mee
184 1330 210 1382 di
249 1346 263 1382 e
274 1329 375 1383 deflere
387 1336 480 1397 potest

33 1399 126 1452 Melet
137 1346 335 1468 quaeffcrimis
346 1399 446 1451 nostris
458 1407 569 1468 questos

35 1470 142 1524 Reddet
152 1469 258 1522 etdoni
270 1472 345 1521 ouius
356 1485 459 1537 pennos

32 1543 144 1594 Utinam
155 1541 271 1592 miserae
282 1537 347 1591 mihi
357 1539 428 1592 Feta
439 1540 547 1593 ‹iurenti

34 1612 170 1679 Fugerem
180 1610 269 1663 luctus
280 1611 372 1663 ablate
382 1626 458 1662 meos

35 1683 131 1734 Penne
141 1680 259 1743 volueri,
270 1682 365 1747 procul
376 1687 404 1733 et
414 1687 509 1733 coetus

32 1752 183 1803 Hominum
193 1751 299 1813 tristes,
311 1751 478 1818 caedemque
496 1749 592 1803 ieram.

33 1822 101 1874 Sola
111 1822 138 1872 in
148 1835 235 1871 vacuo
246 1834 371 1882 nemore,
382 1826 411 1871 et
420 1822 494 1871 tenui

32 1894 121 1943 Remo
131 1890 265 1957 pendens,
277 1889 389 1958 querulo
400 1904 510 1956 possem

35 1963 155 2014 Gutture
165 1965 301 2011 moestum
319 1958 433 2011 fundere
443 1974 573 2011 murmur.

35 2045 79 2082 cu
87 2045 104 2080 o
113 2044 138 2079 u.
149 2030 263 2098 Regitur
273 2029 337 2081 fatis
347 2029 462 2080 mortale
472 2044 567 2097 genus,

34 2100 93 2153 Neo
104 2098 155 2149 sibi
166 2100 311 2167 quidquam
321 2098 455 2166 spondere
467 2104 561 2166 potest

33 2172 155 2223 Firmum
166 2175 194 2220 et
205 2168 314 2219 stabile:

59 2255 90 2291 er
100 2254 170 2306 quae
182 2254 261 2290 casus
273 2238 357 2289 volvit
366 2239 456 2289 varios

35 2308 151 2375 Semper
162 2308 239 2359 nobis
250 2308 396 2359 metuende
407 2309 472 2358 dies.

35 2380 160 2429 Animum
170 2377 279 2429 iirrnent
289 2378 412 2445 exempla
423 2384 508 2441 tuum,

34 2450 93 2500 iarn
103 2448 188 2498 multa
197 2447 293 2498 domus
304 2462 373 2515 quae
384 2454 475 2498 vestre
485 2448 555 2498 tulit.

35 2517 108 2580 Quid
120 2518 227 2569 saevior
236 2523 279 2567 est
287 2517 410 2568 Fortuna
421 2514 486 2567 tibii

33 2590 78 2638 Tu
90 2583 155 2637 nrihi
166 2587 281 2654 primum

34 2658 93 2708 Tot
102 2663 229 2708 netorum
238 2656 415 2707 memorande
425 2671 532 2723 parens,

35 2727 109 2778 Nata
120 2728 268 2795 Agrippae,
280 2741 362 2776 nurus
374 2726 496 2794 Augusti,

36 2799 162 2848 caeseris
171 2810 254 2859 uxor,
266 2796 343 2847 euius
353 2810 450 2848 nornen
