2150 3125
196 212 246 263 2¹16
394 213 427 263 L.
444 214 600 268 ΑΝΝΑΕΙ
620 218 807 276 SENECAE

253 316 377 367 Troades
388 320 498 368 summis
510 322 624 374 timuere
636 327 727 390 muris,

252 385 374 436 Perdidit
383 388 410 435 in
421 387 497 439 malis
509 397 660 445 extremum
671 396 763 461 decus,

192 456 241 505 620
251 455 372 506 Fortiter
382 457 465 508 vinci:
817 485 848 553 7
884 476 897 553 p

250 524 360 575 Restitit
370 528 446 577 cunis
456 528 542 578 Troia
552 529 592 581 bis
604 535 700 599 quinis,
708 529 717 621 J
724 492 789 593 ff
843 528 850 561 ³

251 595 334 645 Unius
346 596 433 647 noctis
445 599 566 663 peritura
577 599 659 654 furto.

182 722 187 730 .
250 664 374 715 Vidimus
385 665 511 717 simulata
522 668 594 719 dona
604 673 666 723 moli
678 676 840 741 immensam

249 732 428 801 Danaumque
440 735 524 787 fatale
535 754 631 792 munus

190 802 240 851 625
250 802 383 854 Duximus
391 810 486 856 nostra
497 807 599 859 creduli
611 811 720 876 dextra3

250 874 427 940 Tremuitque
438 890 521 942 saepe

249 941 355 994 Limine
364 945 391 993 in
402 945 489 1009 primo
499 946 623 1014 sonipes,
636 955 758 1003 cavernis

249 1011 379 1063 Conditus
390 1027 468 1080 reges
480 1014 632 1085 bellumque
643 1028 754 1087 gestans

251 1082 284 1130 Et
293 1080 370 1132 licuit
381 1096 491 1135 versare
502 1084 594 1149 dolos,
607 1095 637 1138 ut
646 1092 697 1156 ipsi

190 1150 239 1199 630
250 1150 357 1201 Fraude
368 1166 418 1202 sun
430 1156 503 1219 capti
513 1155 643 1208 caderent
653 1160 768 1229 Pelasgi.

249 1218 337 1288 Saepe
349 1229 503 1273 commotae
514 1240 631 1277 sonuere
642 1243 766 1295 parmae3

247 1290 428 1357 Tacitumque
440 1307 562 1343 murmur
572 1301 705 1362 percussit
716 1314 795 1352 aures

248 1360 283 1409 Ut
292 1357 404 1411 fremuit
414 1362 485 1412 male
495 1364 610 1416 subdolo
622 1382 720 1433 parens
732 1369 854 1437 Pyrrhus
865 1376 967 1443 Ulyssi.

247 1427 350 1480 Secum
361 1435 449 1481 metus
460 1433 562 1485 Troica
573 1435 657 1501 pubes

187 1498 237 1548 635
247 1496 348 1549 Sacros
359 1499 463 1568 gaudet
472 1508 586 1571 tangere
596 1504 683 1557 funes.

246 1569 318 1619 Hinc
329 1572 458 1636 aequaevi
468 1575 560 1641 gregis
570 1577 719 1641 Astyanax,

247 1638 318 1689 llinc
329 1640 483 1692 Haemonio
494 1642 631 1709 desponsa
640 1661 718 1714 rogo,

244 1707 356 1760 Ducunt
366 1715 483 1775 turmns3
496 1709 566 1764 haec
575 1712 715 1780 femineas,

244 1777 293 1828 Ille
303 1778 402 1830 viriles.
437 1781 538 1833 Festae
549 1790 652 1836 matres

185 1848 236 1897 640
249 1847 350 1899 Votivs
359 1847 450 1900 ferunt
459 1866 573 1904 munera
582 1853 662 1919 divis3

244 1918 317 1968 Festi
329 1924 422 1985 patres
434 1919 536 1972 adeunt
546 1937 617 1974 aras.

245 1989 319 2038 Unus
329 1993 390 2039 tote
399 1988 489 2040 vultus
498 1992 527 2041 in
537 1992 606 2044 urbe
617 2000 672 2046 est:

246 2058 294 2119 ut,
308 2058 379 2125 quod
391 2075 527 2126 nunquam
538 2069 603 2126 post
612 2064 768 2120 Hectoreos

245 2127 369 2178 Vidimus
379 2129 470 2196 ignes,
481 2129 556 2181 laeta
567 2138 609 2182 est
618 2133 741 2188 Hecabe.

184 2187 233 2245 645
247 2197 316 2257 Quid
327 2213 399 2248 nunc
409 2199 537 2265 primum,
549 2200 627 2251 dolor
636 2203 739 2269 infelix,

242 2267 347 2327 Quidve
358 2274 508 2319 extremum
520 2268 621 2322 deflere
632 2275 729 2338 parus?

243 2335 366 2399 Moenia,
378 2337 467 2388 divum
479 2337 615 2390 fabricata
625 2359 714 2406 manu,

242 2404 341 2456 Diruta
350 2406 461 2458 nostrai

242 2476 280 2523 An
291 2476 394 2541 templa
405 2478 471 2529 dens
482 2493 564 2544 super
576 2487 639 2532 usta
650 2485 731 2536 suos?

183 2542 233 2591 65⁰
245 2541 305 2592 Non
317 2551 397 2595 vacat
407 2547 467 2598 istis
477 2547 620 2602 lacrimare
631 2553 722 2605 malis:

242 2612 298 2672 Te,
310 2629 407 2680 magne
419 2631 530 2681 parens,
542 2618 607 2670 flent
617 2621 722 2677 Iliades.

243 2680 394 2744 Vidi‚vidi‚

244 2746 321 2800 Senis
331 2752 359 2801 in
368 2752 461 2819 iugulo
471 2756 555 2806 telum
566 2759 663 2822 Pyrrhi
