2150 3125
166 247 394 301 HERCULES
412 248 587 300 FURENS.
623 251 763 302 Aetli.
831 252 862 301 11

61 370 135 405 ure.
156 354 292 421 Agedum,
305 352 446 415 efferatas,
459 352 567 415 rabida,
580 368 662 405 voees
674 369 784 417 urere,

60 426 97 475 Et
108 426 184 474 disce
195 439 290 491 regum
298 422 413 489 imperia
423 421 458 473 ab
469 422 562 473 Alcide
573 424 639 489 peti.

27 500 28 507 ’
60 494 120 560 Ego
130 500 212 560 rapte
225 494 346 560 quamvis
356 497 467 559 sceptra
476 492 581 542 victrici
591 507 684 559 geram

61 563 179 624 Dextra,
190 576 337 629 regamque
348 562 514 611 cunemine
524 560 615 627 legun
625 567 714 625 metu,
810 565 862 617 ⁴⁰0

62 634 135 693 Quas
145 648 223 681 arma
233 632 355 681 vincunt:
368 644 456 696 pauca
465 644 516 697 pro
529 634 613 681 esunt
622 631 719 735 lopusr

60 702 170 751 Nostra„
208 701 327 752 Cruento
339 698 438 750 cecidit
447 700 474 749 in
484 698 557 750 bello
568 706 660 765 pater.

61 771 189 821 Cecidere
199 767 316 822 fratresl
331 770 412 821 Arma
422 783 476 819 non
487 776 598 820 servent
607 770 731 834 modum,

62 839 118 892 Nee
127 840 276 907 temperari
285 837 366 890 facile
377 838 544 905 ueereprlni
557 844 649 904 potest

27 952 28 963 ,
62 907 152 959 Stricti
165 910 236 960 ensis
244 907 381 973 irn;bella
391 906 510 959 delectat
521 922 655 959 cruore-
807 912 858 962 sot

27 966 29 1043 l
62 976 112 1029 Sed
122 978 168 1029 ille
178 993 265 1046 regno
276 992 325 1045 pro
336 993 400 1039 suo,
410 991 461 1029 nos
470 975 597 1044 improbe

62 1048 189 1115 Cupidine
201 1049 264 1098 acti.
275 1074 307 1085 -
328 1047 475 1109 Quaeritur
484 1045 547 1097 belli
558 1048 661 1109 exitus,

61 1116 84 1167 N
86 1133 118 1168 on
130 1132 223 1168 eausa
244 1116 298 1167 Sed
309 1132 380 1167 nune
390 1122 486 1183 pereat
497 1116 583 1167 omnis
593 1118 732 1168 memoria

27 1136 29 1239 l
61 1187 123 1237 Cum
134 1188 224 1237 vietor
234 1202 310 1237 anua
320 1186 424 1254 posuit,
436 1190 465 1236 et
475 1186 576 1235 vietum
587 1184 668 1238 decet

61 1255 285 1322 Deponereodia.
321 1252 616 1322 Nnnutinllexogenu
805 1259 856 1307 41⁰

61 1326 225 1393 Regnautem
235 1326 346 1388 edures,
359 1327 487 1391 petimus3
498 1322 552 1375 hoe
561 1326 649 1391 ipsum
659 1325 759 1391 placet,

27 1434 28 1437 ,
59 1396 149 1446 Animo
160 1396 253 1447 ruiuu
264 1395 335 1463 quod
347 1396 421 1461 capis
431 1408 530 1461 magno
541 1398 611 1445 tues.

60 1466 94 1515 lis
103 1481 168 1533 rege
180 1466 280 1515 coniux
290 1464 382 1531 digna:
394 1464 529 1515 sociemus
538 1467 624 1515 toros.

59 1548 134 1586 ure.
156 1534 267 1588 Gelidus
277 1549 327 1602 per
337 1538 411 1586 artus
421 1531 496 1584 radit
506 1547 657 1602 exsangues
668 1538 778 1585 tremor.

27 1637 28 1652 ³
60 1601 460 1672 Quodfeciuusaurespepulitl
470 1603 551 1654 Haud
563 1603 687 1670 equidem
693 1602 794 1665 horrui,
805 1605 855 1654 415

60 1676 121 1725 Cum
133 1690 203 1742 pace
213 1679 295 1742 ruptd
305 1673 415 1726 bellicus
424 1688 517 1724 muros
528 1672 622 1740 fragor

59 1745 286 1808 circumsonaret3
299 1743 395 1811 pertuli
406 1743 542 1810 intrepide
553 1743 655 1794 omnia:

58 1807 204 1865 Thalamos
215 1815 357 1877 tremise03
368 1819 450 1879 eapte
459 1827 530 1864 nune
541 1811 636 1863 videor
645 1809 719 1864 milri.

59 1883 178 1936 Grarent
189 1889 302 1936 catenae
314 1898 425 1950 eorpus,
440 1889 467 1933 et
478 1883 560 1949 longa
569 1879 643 1932 lame

58 1954 130 2005 Mors
141 1951 318 2020 protrahatur
327 1953 414 2003 lenta:
426 1967 479 2002 nun
489 1953 580 2002 vincet
592 1951 673 2002 iidem
804 1953 856 2001 420

58 2023 103 2074 Vis
113 2022 169 2074 ulla
179 2029 315 2085 nostram3
326 2024 440 2084 moriar,
451 2021 558 2083 Alcide,
570 2019 631 2070 tual

27 2141 28 2144 ,
56 2106 93 2144 ur
101 2107 125 2144 c.
143 2093 288 2144 Animosne
297 2106 401 2145 mersus
412 2089 509 2142 Inferis
521 2091 620 2142 coniux
631 2087 714 2140 laeitt

27 2155 28 2236 i
57 2176 130 2213 uae.
148 2161 260 2214 Inferna
269 2163 372 2230 tetigit,
384 2166 478 2227 posset
487 2165 518 2210 ut
528 2175 628 2226 supera
639 2158 758 2224 adsequi.

27 2245 28 2252 ¹
57 2245 92 2281 ur
99 2246 124 2282 e.
145 2231 264 2283 Telluris
274 2231 348 2281 illum
360 2230 465 2299 pondus
475 2229 623 2280 immensae
633 2229 739 2295 premit.

57 2315 93 2350 nr
101 2316 128 2352 e.
141 2299 224 2354 Nullo
236 2306 374 2367 premetur
385 2315 480 2361 unere,
492 2300 537 2367 qui
549 2298 655 2350 eoelum
665 2298 735 2348 tulit.
802 2297 852 2346 425

57 2385 124 2423 ure.
144 2370 259 2438 cogtre.
277 2383 320 2420 rsa
328 2385 354 2420 a.
367 2369 433 2436 cogi
445 2369 491 2437 qui
501 2373 608 2436 potest,
618 2369 706 2419 nescit
715 2367 792 2417 mori.

27 2413 29 2508 l
56 2453 123 2491 ure.
142 2439 252 2502 Effare,
263 2437 389 2491 thalamis
401 2439 473 2507 quod
482 2440 560 2490 noris
571 2439 662 2504 potius
673 2451 766 2503 parem

27 2515 29 2572 ξ
55 2508 271 2579 Regalemunusi
282 2523 325 2560 rte
333 2524 359 2561 e.
368 2510 631 2569 lluttuammortem‚
643 2513 789 2558 autmeam.

27 2573 29 2638 ἶ
55 2592 122 2630 arc.
142 2579 277 2642 Moriere,
299 2577 427 2630 demensi
463 2591 539 2628 ure.
561 2577 676 2644 Coniugi
697 2591 790 2628 occur·

27 2747 29 2750 -
54 2731 121 2770 arc.
141 2661 497 2784 Sceptrnlffllsffilpodor
507 2719 550 2766 est
559 2713 676 2765 famulus
686 2709 751 2761 tibi!
799 2709 850 2755 430

27 2771 28 2794 ¹
55 2804 91 2839 uu
101 2805 127 2838 e.
148 2789 224 2849 Quot
232 2787 285 2838 iste
296 2785 414 2838 famulus
425 2784 537 2834 tradidit
548 2798 626 2848 reges
637 2778 709 2830 neci!

109 2856 187 2908 Suu.
206 2857 312 2907 Taua.
664 2847 687 2895 B

27 2987 32 3077 l
