2150 3125
303 588 773 659 Acrusrsslmua

300 759 771 820 onn1rus‚anr1oonu.

196 858 304 915 Oedipum
327 862 356 903 ot
375 860 482 905 instituto
495 869 568 907 morte
585 869 690 915 reuocat,
706 868 871 923 pnuaedstque
879 865 935 923 filia

139 916 253 971 Antigone
263 920 308 960 dns
313 918 392 971 pntn't
403 918 464 962 coeci

139 1056 253 1093 onnrr.
273 1008 368 1095 Coeei
379 1046 499 1111 parentis
510 1047 643 1114 regimen,
654 1062 687 1097 sc
698 1044 763 1098 lessi
776 1049 883 1099 unirunr

137 1112 227 1163 Patris
237 1113 372 1177 levamen,
384 1122 479 1183 gnata,
491 1132 572 1183 quarn
581 1118 651 1167 tanti
661 1121 704 1167 est
714 1114 778 1167 nihi

138 1182 271 1234 Genulsse
281 1184 324 1235 vel
336 1186 389 1247 sic,
401 1185 496 1237 desere
505 1184 653 1237 infaustum
663 1186 780 1252 petrem!

137 1253 167 1302 ln
178 1258 255 1303 recta
265 1254 329 1321 quid
341 1254 463 1307 dedentis
474 1261 609 1307 errante·
619 1255 750 1323 gradoni

135 1322 268 1373 Permitte
278 1323 345 1374 labii
361 1324 459 1376 Melius
468 1326 602 1377 inveniann
613 1328 697 1389 viam,
918 1327 933 1375 5

137 1393 226 1453 Quam
237 1408 352 1461 quaero,
363 1394 450 1452 solus.
462 1411 531 1463 quae
541 1412 585 1447 nte
597 1396 631 1447 ab
642 1394 694 1446 hoo
706 1396 763 1446 vita
773 1393 907 1457 extrahat,

136 1463 173 1513 Et
183 1461 237 1513 hoc
247 1462 355 1515 nefandi
366 1464 462 1531 cepitis
474 1466 604 1532 adspectu
615 1470 686 1517 levet

137 1532 248 1584 coelum
260 1539 341 1602 atque
351 1540 447 1588 terres.
467 1536 632 1597 Quantulum
643 1534 696 1588 heo
706 1536 749 1604 egi
760 1534 857 1586 maout

136 1601 197 1653 Non
208 1603 286 1654 rideo
298 1619 385 1657 noxas
397 1607 534 1658 conscium
545 1614 657 1658 nostrae
666 1606 753 1669 diem3

136 1671 190 1722 Sed
200 1674 302 1724 videor.
320 1675 393 1726 Hinc
403 1676 457 1727 ism
468 1676 543 1729 solve
554 1675 739 1728 inhaerentem
750 1691 871 1738 manunt,
902 1678 932 1725 to

135 1743 171 1792 Et
181 1748 276 1809 patere
288 1759 413 1809 coecum,
425 1761 478 1814 que
487 1746 576 1810 volet,
586 1745 653 1797 tersi
664 1744 774 1813 pedem!

134 1812 197 1874 lbo,
208 1813 267 1874 ibo,
281 1829 334 1881 qua
343 1823 490 1883 praerupta
499 1816 640 1883 protendit
648 1817 713 1883 iuga

133 1883 212 1933 Meus
225 1880 385 1950 Cithaeron3
398 1902 451 1955 qua
461 1887 601 1954 peragrati
612 1885 685 1938 celer

133 1952 189 2003 Per
198 1967 266 2004 saxa
277 1956 376 2006 montis
385 1957 471 2007 iacuit
480 1957 616 2019 Actaeon,
627 1957 683 2007 suis

134 2021 213 2072 Nova
222 2024 325 2089 praeda
336 2025 460 2088 oanibus;
473 2041 526 2094 qua
536 2042 586 2093 per
597 2025 742 2077 obscurum
752 2040 846 2076 nemus
898 2027 931 2075 15

133 2090 287 2160 Silvamque
298 2109 402 2161 opacae
413 2096 488 2147 vallis
498 2097 641 2147 instinctus
653 2096 705 2146 deo

132 2162 197 2228 Egit
208 2177 315 2215 sorores
327 2171 428 2227 mater,
440 2171 468 2216 et
479 2167 600 2234 gaudens
610 2165 681 2216 malo

132 2230 264 2283 vibrante
275 2234 359 2285 lixum
370 2235 499 2302 praetulit
508 2233 604 2302 thyrso
616 2241 712 2302 eaput3

133 2301 183 2351 Vel
194 2317 247 2369 qua
258 2306 378 2355 cucurrit
390 2319 489 2372 eorpus
499 2306 615 2356 inrisum
625 2303 737 2356 nehesta

131 2368 211 2421 Zethi
220 2372 364 2437 iuvencus,
376 2389 429 2441 qua
440 2391 491 2441 per
499 2373 643 2426 horrentes
653 2373 736 2424 mbos
896 2376 930 2425 2⁰

130 2440 217 2490 Tauri
227 2441 329 2495 ferocia
339 2446 449 2513 sanguis
461 2450 583 2497 ostentat
592 2443 686 2513 iugas3

129 2509 182 2560 Vel
193 2526 246 2577 qua
256 2512 311 2563 alta
321 2515 407 2565 maria
417 2517 520 2566 vertice
529 2516 662 2566 immenso
674 2516 772 2581 premit

128 2580 237 2631 Minora
247 2597 341 2650 rupes,
352 2599 404 2652 qua
414 2585 503 2636 scelus
513 2583 621 2649 fugiens
631 2582 733 2646 ierom,

128 2649 290 2719 Norunnque
301 2651 420 2716 faciens,
429 2661 517 2706 muter
526 2654 631 2704 insiluit
639 2651 712 2705 freto
718 2693 726 2718 ,

127 2719 255 2773 Mersura
265 2729 357 2773 natum
369 2723 465 2791 seque!
482 2725 601 2784 Felices,
614 2723 710 2791 quibus
896 2724 928 2771 25

126 2790 251 2844 Fortuna
261 2793 357 2844 melior
366 2799 423 2844 tam
433 2794 520 2844 bonas
531 2796 633 2844 matres
643 2791 730 2846 dedit!
