<?xml version="1.0" encoding="UTF-8"?>
<!DOCTYPE html PUBLIC "-//W3C//DTD XHTML 1.0 Transitional//EN"
    "http://www.w3.org/TR/xhtml1/DTD/xhtml1-transitional.dtd">
<html xmlns="http://www.w3.org/1999/xhtml" xml:lang="en" lang="en">
 <head>
  <title>
</title>
<meta http-equiv="Content-Type" content="text/html;charset=utf-8" />
  <meta name='ocr-system' content='tesseract 3.04.00' />
  <meta name='ocr-capabilities' content='ocr_page ocr_carea ocr_par ocr_line ocrx_word'/>
</head>
<body>
  <div class='ocr_page' id='page_1' title='image "./lannaeisenecaet05senegoog_0182.png"; bbox 0 0 2150 3125; ppageno 0'>
   <div class='ocr_carea' id='block_1_1' title="bbox 174 224 786 286">
    <p class='ocr_par' dir='ltr' id='par_1_1' title="bbox 174 224 786 286">
     <span class='ocr_line' id='line_1_1' title="bbox 174 224 786 286; baseline -0.011 0"><span class='ocrx_word' id='word_1_1' title='bbox 174 236 224 286; x_wconf 65' lang='lat'>178</span> <span class='ocrx_word' id='word_1_2' title='bbox 355 232 387 282; x_wconf 72' lang='grc'>1,.</span> <span class='ocrx_word' id='word_1_3' title='bbox 424 230 576 282; x_wconf 81' lang='grc' dir='ltr'><strong>ΑΝΝΑΕΙ</strong></span> <span class='ocrx_word' id='word_1_4' title='bbox 595 224 786 280; x_wconf 73' lang='lat' dir='ltr'>SENECAE</span> 
     </span>
    </p>
   </div>
   <div class='ocr_carea' id='block_1_2' title="bbox 174 331 898 816">
    <p class='ocr_par' dir='ltr' id='par_1_2' title="bbox 174 331 898 816">
     <span class='ocr_line' id='line_1_2' title="bbox 236 331 830 402; baseline -0.008 -15"><span class='ocrx_word' id='word_1_5' title='bbox 236 337 345 396; x_wconf 84' lang='lat' dir='ltr'>Gnatis,</span> <span class='ocrx_word' id='word_1_6' title='bbox 357 334 419 401; x_wconf 90' lang='lat' dir='ltr'>quid</span> <span class='ocrx_word' id='word_1_7' title='bbox 429 335 494 399; x_wconf 90' lang='lat' dir='ltr'>ipsi,</span> <span class='ocrx_word' id='word_1_8' title='bbox 506 348 575 400; x_wconf 91' lang='lat' dir='ltr'>quae</span> <span class='ocrx_word' id='word_1_9' title='bbox 585 337 666 383; x_wconf 83' lang='lat' dir='ltr'>tuum&#39;</span> <span class='ocrx_word' id='word_1_10' title='bbox 673 347 771 402; x_wconf 82' lang='lat' dir='ltr'>magna</span> <span class='ocrx_word' id='word_1_11' title='bbox 779 331 830 382; x_wconf 89' lang='lat' dir='ltr'>luit</span> 
     </span>
     <span class='ocr_line' id='line_1_3' title="bbox 174 401 745 468; baseline -0.016 -8"><span class='ocrx_word' id='word_1_12' title='bbox 174 408 224 460; x_wconf 79' lang='lat'>94⁰</span> <span class='ocrx_word' id='word_1_13' title='bbox 237 405 331 457; x_wconf 81' lang='lat' dir='ltr'><strong>Scelus</strong></span> <span class='ocrx_word' id='word_1_14' title='bbox 342 405 431 465; x_wconf 85' lang='lat' dir='ltr'>ruina,</span> <span class='ocrx_word' id='word_1_15' title='bbox 442 402 525 452; x_wconf 88' lang='lat' dir='ltr'>flebili</span> <span class='ocrx_word' id='word_1_16' title='bbox 536 404 641 468; x_wconf 77' lang='lat' dir='ltr'><strong>patriae</strong></span> <span class='ocrx_word' id='word_1_17' title='bbox 652 401 745 453; x_wconf 67' lang='lat' dir='ltr'>dabis!</span> 
     </span>
     <span class='ocr_line' id='line_1_4' title="bbox 234 471 813 540; baseline -0.007 -13"><span class='ocrx_word' id='word_1_18' title='bbox 234 472 369 527; x_wconf 85' lang='lat' dir='ltr'>Selreudu</span> <span class='ocrx_word' id='word_1_19' title='bbox 380 489 434 523; x_wconf 90' lang='lat' dir='ltr'>non</span> <span class='ocrx_word' id='word_1_20' title='bbox 444 489 481 524; x_wconf 86' lang='lat' dir='ltr'>es.</span> <span class='ocrx_word' id='word_1_21' title='bbox 517 472 567 523; x_wconf 88' lang='lat' dir='ltr'>llla</span> <span class='ocrx_word' id='word_1_22' title='bbox 575 487 644 540; x_wconf 84' lang='lat' dir='ltr'>quae</span> <span class='ocrx_word' id='word_1_23' title='bbox 654 471 729 540; x_wconf 84' lang='lat' dir='ltr'>leges</span> <span class='ocrx_word' id='word_1_24' title='bbox 739 477 813 523; x_wconf 81' lang='lat' dir='ltr'>ratas</span> 
     </span>
     <span class='ocr_line' id='line_1_5' title="bbox 235 541 797 609; baseline -0.007 -13"><span class='ocrx_word' id='word_1_25' title='bbox 235 545 340 596; x_wconf 81' lang='lat' dir='ltr'>Natura</span> <span class='ocrx_word' id='word_1_26' title='bbox 348 544 376 594; x_wconf 89' lang='lat' dir='ltr'>in</span> <span class='ocrx_word' id='word_1_27' title='bbox 387 557 440 593; x_wconf 90' lang='lat' dir='ltr'>uno</span> <span class='ocrx_word' id='word_1_28' title='bbox 453 542 534 592; x_wconf 87' lang='lat' dir='ltr'>vertit</span> <span class='ocrx_word' id='word_1_29' title='bbox 545 541 701 609; x_wconf 80' lang='lat' dir='ltr'><strong>Oedipoda,</strong></span> <span class='ocrx_word' id='word_1_30' title='bbox 712 557 797 593; x_wconf 82' lang='lat' dir='ltr'>novus</span> 
     </span>
     <span class='ocr_line' id='line_1_6' title="bbox 236 610 834 679; baseline -0.008 -14"><span class='ocrx_word' id='word_1_31' title='bbox 236 617 394 666; x_wconf 80' lang='lat' dir='ltr'>Commenta</span> <span class='ocrx_word' id='word_1_32' title='bbox 404 616 511 679; x_wconf 86' lang='lat' dir='ltr'>partus,</span> <span class='ocrx_word' id='word_1_33' title='bbox 523 610 652 677; x_wconf 86' lang='lat' dir='ltr'>supplicis</span> <span class='ocrx_word' id='word_1_34' title='bbox 662 611 757 662; x_wconf 82' lang='lat' dir='ltr'>eadem</span> <span class='ocrx_word' id='word_1_35' title='bbox 767 612 834 662; x_wconf 89' lang='lat' dir='ltr'>meis</span> 
     </span>
     <span class='ocr_line' id='line_1_7' title="bbox 235 681 898 748; baseline -0.008 -12"><span class='ocrx_word' id='word_1_36' title='bbox 235 684 364 736; x_wconf 79' lang='lat' dir='ltr'>Neretur.</span> <span class='ocrx_word' id='word_1_37' title='bbox 400 683 501 737; x_wconf 87' lang='lat' dir='ltr'>lterum</span> <span class='ocrx_word' id='word_1_38' title='bbox 511 681 616 744; x_wconf 80' lang='lat' dir='ltr'>virere,</span> <span class='ocrx_word' id='word_1_39' title='bbox 628 687 711 748; x_wconf 73' lang='lat' dir='ltr'>atque</span> <span class='ocrx_word' id='word_1_40' title='bbox 719 681 818 732; x_wconf 87' lang='lat' dir='ltr'>iterum</span> <span class='ocrx_word' id='word_1_41' title='bbox 828 682 898 731; x_wconf 91' lang='lat' dir='ltr'>mori</span> 
     </span>
     <span class='ocr_line' id='line_1_8' title="bbox 176 737 808 816; baseline -0.011 -9"><span class='ocrx_word' id='word_1_42' title='bbox 176 757 225 808; x_wconf 79' lang='lat'>945</span> <span class='ocrx_word' id='word_1_43' title='bbox 237 754 347 814; x_wconf 85' lang='lat' dir='ltr'>Liceat3</span> <span class='ocrx_word' id='word_1_44' title='bbox 358 750 464 802; x_wconf 88' lang='lat' dir='ltr'>renasci</span> <span class='ocrx_word' id='word_1_45' title='bbox 473 751 593 816; x_wconf 74' lang='lat' dir='ltr'>semp&#39;ert</span> <span class='ocrx_word' id='word_1_46' title='bbox 603 756 635 800; x_wconf 90' lang='lat' dir='ltr'>ut</span> <span class='ocrx_word' id='word_1_47' title='bbox 643 750 726 801; x_wconf 79' lang='lat' dir='ltr'>toties</span> <span class='ocrx_word' id='word_1_48' title='bbox 736 737 808 801; x_wconf 78' lang='lat' dir='ltr'>ndra</span> 
     </span>
    </p>
   </div>
   <div class='ocr_carea' id='block_1_3' title="bbox 177 819 978 2834">
    <p class='ocr_par' dir='ltr' id='par_1_3' title="bbox 234 819 849 1096">
     <span class='ocr_line' id='line_1_9' title="bbox 236 819 849 889; baseline -0.011 -14"><span class='ocrx_word' id='word_1_49' title='bbox 236 821 372 889; x_wconf 78' lang='lat' dir='ltr'>Supplicia</span> <span class='ocrx_word' id='word_1_50' title='bbox 383 820 492 887; x_wconf 87' lang='lat' dir='ltr'>pendas.</span> <span class='ocrx_word' id='word_1_51' title='bbox 528 820 612 872; x_wconf 86' lang='lat' dir='ltr'>Utere</span> <span class='ocrx_word' id='word_1_52' title='bbox 621 820 745 888; x_wconf 81' lang='lat' dir='ltr'>iugenio,</span> <span class='ocrx_word' id='word_1_53' title='bbox 756 819 849 871; x_wconf 86' lang='lat' dir='ltr'>miser!</span> 
     </span>
     <span class='ocr_line' id='line_1_10' title="bbox 235 888 783 957; baseline -0.005 -15"><span class='ocrx_word' id='word_1_54' title='bbox 235 892 314 955; x_wconf 78' lang='lat' dir='ltr'>Quod</span> <span class='ocrx_word' id='word_1_55' title='bbox 325 905 407 956; x_wconf 81' lang='lat' dir='ltr'>saepe</span> <span class='ocrx_word' id='word_1_56' title='bbox 419 889 478 940; x_wconf 82' lang='lat' dir='ltr'>lieri</span> <span class='ocrx_word' id='word_1_57' title='bbox 487 905 543 940; x_wconf 89' lang='lat' dir='ltr'>neu</span> <span class='ocrx_word' id='word_1_58' title='bbox 554 895 658 957; x_wconf 88' lang='lat' dir='ltr'>potest,</span> <span class='ocrx_word' id='word_1_59' title='bbox 670 888 719 939; x_wconf 79' lang='lat' dir='ltr'>fist</span> <span class='ocrx_word' id='word_1_60' title='bbox 729 889 783 940; x_wconf 90' lang='lat' dir='ltr'>diu.</span> 
     </span>
     <span class='ocr_line' id='line_1_11' title="bbox 234 959 802 1029; baseline -0.009 -16"><span class='ocrx_word' id='word_1_61' title='bbox 234 964 310 1014; x_wconf 87' lang='lat' dir='ltr'>Mors</span> <span class='ocrx_word' id='word_1_62' title='bbox 321 961 436 1029; x_wconf 85' lang='lat' dir='ltr'>eligatur</span> <span class='ocrx_word' id='word_1_63' title='bbox 444 959 532 1028; x_wconf 82' lang='lat' dir='ltr'>longa.</span> <span class='ocrx_word' id='word_1_64' title='bbox 569 960 724 1021; x_wconf 71' lang='lat' dir='ltr'>Quaeram</span> <span class='ocrx_word' id='word_1_65' title='bbox 732 960 786 1021; x_wconf 81' lang='lat' dir='ltr'>ria,</span> <span class='ocrx_word' id='word_1_66' title='bbox 798 961 802 977; x_wconf 81' lang='lat'>³</span> 
     </span>
     <span class='ocr_line' id='line_1_12' title="bbox 237 1028 845 1096; baseline -0.005 -15"><span class='ocrx_word' id='word_1_67' title='bbox 237 1033 298 1094; x_wconf 72' lang='lat' dir='ltr'>Qua</span> <span class='ocrx_word' id='word_1_68' title='bbox 308 1045 357 1080; x_wconf 90' lang='lat' dir='ltr'>nec</span> <span class='ocrx_word' id='word_1_69' title='bbox 368 1028 481 1096; x_wconf 77' lang='lat' dir='ltr'><strong>sepultis</strong></span> <span class='ocrx_word' id='word_1_70' title='bbox 490 1028 604 1091; x_wconf 82' lang='lat' dir='ltr'>mixtus,</span> <span class='ocrx_word' id='word_1_71' title='bbox 615 1035 644 1081; x_wconf 89' lang='lat' dir='ltr'>ct</span> <span class='ocrx_word' id='word_1_72' title='bbox 653 1029 720 1094; x_wconf 79' lang='lat' dir='ltr'>vivis</span> <span class='ocrx_word' id='word_1_73' title='bbox 729 1033 820 1080; x_wconf 87' lang='lat' dir='ltr'>tamen</span> <span class='ocrx_word' id='word_1_74' title='bbox 842 1082 845 1089; x_wconf 86' lang='lat'><em>.</em></span> 
     </span>
    </p>

    <p class='ocr_par' dir='ltr' id='par_1_4' title="bbox 177 1091 917 1444">
     <span class='ocr_line' id='line_1_13' title="bbox 177 1091 879 1168; baseline -0.009 -14"><span class='ocrx_word' id='word_1_75' title='bbox 177 1104 227 1154; x_wconf 76' lang='lat'>950</span> <span class='ocrx_word' id='word_1_76' title='bbox 237 1103 368 1152; x_wconf 85' lang='lat' dir='ltr'>Exemtus</span> <span class='ocrx_word' id='word_1_77' title='bbox 380 1113 463 1150; x_wconf 87' lang='lat' dir='ltr'>erres.</span> <span class='ocrx_word' id='word_1_78' title='bbox 498 1093 622 1168; x_wconf 75' lang='lat' dir='ltr'>Morere,</span> <span class='ocrx_word' id='word_1_79' title='bbox 633 1091 682 1148; x_wconf 82' lang='lat' dir='ltr'>sed</span> <span class='ocrx_word' id='word_1_80' title='bbox 694 1097 763 1147; x_wconf 89' lang='lat' dir='ltr'>citra</span> <span class='ocrx_word' id='word_1_81' title='bbox 774 1097 879 1165; x_wconf 85' lang='lat' dir='ltr'>patrem</span> 
     </span>
     <span class='ocr_line' id='line_1_14' title="bbox 237 1162 917 1235; baseline -0.007 -13"><span class='ocrx_word' id='word_1_82' title='bbox 237 1170 389 1230; x_wconf 85' lang='lat' dir='ltr'>Cunctam&#39;s,</span> <span class='ocrx_word' id='word_1_83' title='bbox 402 1165 506 1232; x_wconf 80' lang='lat' dir='ltr'>animai</span> <span class='ocrx_word' id='word_1_84' title='bbox 527 1162 652 1231; x_wconf 81' lang='lat' dir='ltr'>Subitu&#39;s,</span> <span class='ocrx_word' id='word_1_85' title='bbox 663 1166 710 1230; x_wconf 79' lang='lat' dir='ltr'>en&#39;,</span> <span class='ocrx_word' id='word_1_86' title='bbox 720 1166 810 1218; x_wconf 75' lang='lat' dir='ltr'>multus</span> <span class='ocrx_word' id='word_1_87' title='bbox 820 1173 917 1235; x_wconf 82' lang='lat' dir='ltr'>gravat</span> 
     </span>
     <span class='ocr_line' id='line_1_15' title="bbox 237 1234 793 1305; baseline -0.007 -14"><span class='ocrx_word' id='word_1_88' title='bbox 237 1238 367 1291; x_wconf 82' lang='lat' dir='ltr'>Prelusus</span> <span class='ocrx_word' id='word_1_89' title='bbox 376 1238 475 1300; x_wconf 82' lang='lat' dir='ltr'><strong>imber,</strong></span> <span class='ocrx_word' id='word_1_90' title='bbox 487 1253 519 1288; x_wconf 86' lang='lat' dir='ltr'>ac</span> <span class='ocrx_word' id='word_1_91' title='bbox 531 1234 606 1303; x_wconf 84' lang='lat' dir='ltr'>rigat&#39;</span> <span class='ocrx_word' id='word_1_92' title='bbox 614 1235 679 1301; x_wconf 85' lang='lat' dir='ltr'>lletu</span> <span class='ocrx_word' id='word_1_93' title='bbox 689 1235 793 1305; x_wconf 64' lang='lat' dir='ltr'>gemm?=</span> 
     </span>
     <span class='ocr_line' id='line_1_16' title="bbox 237 1298 877 1360; baseline -0.008 0"><span class='ocrx_word' id='word_1_94' title='bbox 237 1310 273 1360; x_wconf 84' lang='lat' dir='ltr'>Et</span> <span class='ocrx_word' id='word_1_95' title='bbox 283 1307 347 1359; x_wconf 86' lang='lat' dir='ltr'>llere</span> <span class='ocrx_word' id='word_1_96' title='bbox 359 1307 425 1358; x_wconf 82' lang='lat' dir='ltr'>satis</span> <span class='ocrx_word' id='word_1_97' title='bbox 437 1305 494 1358; x_wconf 66' lang='lat' dir='ltr'>esti</span> <span class='ocrx_word' id='word_1_98' title='bbox 514 1306 656 1357; x_wconf 80' lang='lat' dir='ltr'><strong>Hactenus</strong></span> <span class='ocrx_word' id='word_1_99' title='bbox 666 1298 781 1357; x_wconf 74' lang='lat' dir='ltr'>fundent</span> <span class='ocrx_word' id='word_1_100' title='bbox 789 1305 877 1357; x_wconf 86' lang='lat' dir='ltr'>levem</span> 
     </span>
     <span class='ocr_line' id='line_1_17' title="bbox 239 1373 744 1444; baseline -0.01 -13"><span class='ocrx_word' id='word_1_101' title='bbox 239 1377 317 1431; x_wconf 84' lang='lat' dir='ltr'>Oculi</span> <span class='ocrx_word' id='word_1_102' title='bbox 329 1377 475 1444; x_wconf 80' lang='lat' dir='ltr'>liquorem:</span> <span class='ocrx_word' id='word_1_103' title='bbox 485 1373 597 1427; x_wconf 79' lang='lat' dir='ltr'>sedibus</span> <span class='ocrx_word' id='word_1_104' title='bbox 606 1374 677 1442; x_wconf 86' lang='lat' dir='ltr'>pulsi</span> <span class='ocrx_word' id='word_1_105' title='bbox 687 1373 744 1426; x_wconf 83' lang='lat' dir='ltr'>sui&#39;s</span> 
     </span>
    </p>

    <p class='ocr_par' dir='ltr' id='par_1_5' title="bbox 179 1439 874 1792">
     <span class='ocr_line' id='line_1_18' title="bbox 179 1439 874 1512; baseline -0.009 -11"><span class='ocrx_word' id='word_1_106' title='bbox 179 1450 228 1501; x_wconf 79' lang='lat'>955</span> <span class='ocrx_word' id='word_1_107' title='bbox 240 1445 379 1499; x_wconf 76' lang='lat' dir='ltr'>Lacrimas</span> <span class='ocrx_word' id='word_1_108' title='bbox 390 1451 545 1512; x_wconf 87' lang='lat' dir='ltr'>sequautur.</span> <span class='ocrx_word' id='word_1_109' title='bbox 572 1444 610 1512; x_wconf 89' lang='lat' dir='ltr'>Hi</span> <span class='ocrx_word' id='word_1_110' title='bbox 619 1445 757 1496; x_wconf 81' lang='lat' dir='ltr'>maritales</span> <span class='ocrx_word' id='word_1_111' title='bbox 767 1445 859 1502; x_wconf 87' lang='lat' dir='ltr'>statim</span> <span class='ocrx_word' id='word_1_112' title='bbox 871 1439 874 1447; x_wconf 82' lang='lat'>&#39;</span> 
     </span>
     <span class='ocr_line' id='line_1_19' title="bbox 238 1512 837 1583; baseline -0.008 -13"><span class='ocrx_word' id='word_1_113' title='bbox 238 1515 388 1571; x_wconf 86' lang='lat' dir='ltr'>Fodiantur</span> <span class='ocrx_word' id='word_1_114' title='bbox 398 1515 469 1567; x_wconf 87' lang='lat' dir='ltr'>oculi</span> <span class='ocrx_word' id='word_1_115' title='bbox 475 1513 500 1565; x_wconf 88' lang='lat' dir='ltr'>l“</span> <span class='ocrx_word' id='word_1_116' title='bbox 516 1513 607 1579; x_wconf 85' lang='lat' dir='ltr'>Dixit,</span> <span class='ocrx_word' id='word_1_117' title='bbox 619 1519 701 1583; x_wconf 84' lang='lat' dir='ltr'>atque</span> <span class='ocrx_word' id='word_1_118' title='bbox 711 1515 755 1565; x_wconf 87' lang='lat' dir='ltr'>ira</span> <span class='ocrx_word' id='word_1_119' title='bbox 762 1512 837 1569; x_wconf 73' lang='lat' dir='ltr'>mut.</span> 
     </span>
     <span class='ocr_line' id='line_1_20' title="bbox 238 1577 815 1653; baseline -0.002 -14"><span class='ocrx_word' id='word_1_120' title='bbox 238 1585 340 1639; x_wconf 83' lang='lat' dir='ltr'>Ardent</span> <span class='ocrx_word' id='word_1_121' title='bbox 349 1587 468 1637; x_wconf 82' lang='lat' dir='ltr'>minaces</span> <span class='ocrx_word' id='word_1_122' title='bbox 478 1586 541 1653; x_wconf 84' lang='lat' dir='ltr'>igue</span> <span class='ocrx_word' id='word_1_123' title='bbox 554 1577 709 1637; x_wconf 78' lang='lat' dir='ltr'>truculento</span> <span class='ocrx_word' id='word_1_124' title='bbox 720 1598 815 1653; x_wconf 75' lang='lat' dir='ltr'>genae,</span> 
     </span>
     <span class='ocr_line' id='line_1_21' title="bbox 240 1653 847 1723; baseline -0.005 -15"><span class='ocrx_word' id='word_1_125' title='bbox 240 1656 370 1723; x_wconf 87' lang='lat' dir='ltr'>Oculique</span> <span class='ocrx_word' id='word_1_126' title='bbox 380 1656 425 1706; x_wconf 84' lang='lat' dir='ltr'>vix</span> <span class='ocrx_word' id='word_1_127' title='bbox 436 1670 465 1706; x_wconf 87' lang='lat' dir='ltr'>se</span> <span class='ocrx_word' id='word_1_128' title='bbox 476 1654 586 1707; x_wconf 83' lang='lat' dir='ltr'>sedibus</span> <span class='ocrx_word' id='word_1_129' title='bbox 596 1653 716 1718; x_wconf 82' lang='lat' dir='ltr'>retinent</span> <span class='ocrx_word' id='word_1_130' title='bbox 726 1654 790 1707; x_wconf 90' lang='lat' dir='ltr'>suis.</span> <span class='ocrx_word' id='word_1_131' title='bbox 844 1682 847 1687; x_wconf 94' lang='lat'>·</span> 
     </span>
     <span class='ocr_line' id='line_1_22' title="bbox 239 1723 828 1792; baseline -0.003 -15"><span class='ocrx_word' id='word_1_132' title='bbox 239 1725 395 1792; x_wconf 84' lang='lat' dir='ltr'>Violentus,</span> <span class='ocrx_word' id='word_1_133' title='bbox 407 1723 510 1787; x_wconf 82' lang='lat' dir='ltr'>audax,</span> <span class='ocrx_word' id='word_1_134' title='bbox 522 1724 626 1786; x_wconf 78' lang='lat' dir='ltr'>vultus,</span> <span class='ocrx_word' id='word_1_135' title='bbox 637 1726 739 1787; x_wconf 82' lang='lat' dir='ltr'>iratus,</span> <span class='ocrx_word' id='word_1_136' title='bbox 749 1724 828 1775; x_wconf 80' lang='lat' dir='ltr'>ferox</span> 
     </span>
    </p>

    <p class='ocr_par' dir='ltr' id='par_1_6' title="bbox 179 1792 927 2125">
     <span class='ocr_line' id='line_1_23' title="bbox 179 1792 927 1855; baseline -0.003 -7"><span class='ocrx_word' id='word_1_137' title='bbox 179 1798 230 1849; x_wconf 79' lang='lat'>960</span> <span class='ocrx_word' id='word_1_138' title='bbox 240 1797 359 1847; x_wconf 85' lang='lat' dir='ltr'>Tantum</span> <span class='ocrx_word' id='word_1_139' title='bbox 370 1796 497 1849; x_wconf 85' lang='lat' dir='ltr'>eruentis.</span> <span class='ocrx_word' id='word_1_140' title='bbox 535 1793 658 1855; x_wconf 76' lang='lat' dir='ltr'>Gemuit,</span> <span class='ocrx_word' id='word_1_141' title='bbox 668 1796 699 1845; x_wconf 82' lang='lat' dir='ltr'>et</span> <span class='ocrx_word' id='word_1_142' title='bbox 710 1792 797 1844; x_wconf 79' lang='lat' dir='ltr'>dimum</span> <span class='ocrx_word' id='word_1_143' title='bbox 808 1793 927 1846; x_wconf 82' lang='lat' dir='ltr'>fremens</span> 
     </span>
     <span class='ocr_line' id='line_1_24' title="bbox 239 1865 810 1931; baseline -0.007 -14"><span class='ocrx_word' id='word_1_144' title='bbox 239 1867 336 1917; x_wconf 84' lang='lat' dir='ltr'>Manus</span> <span class='ocrx_word' id='word_1_145' title='bbox 345 1866 373 1915; x_wconf 92' lang='lat' dir='ltr'>in</span> <span class='ocrx_word' id='word_1_146' title='bbox 384 1879 433 1915; x_wconf 86' lang='lat' dir='ltr'>ora</span> <span class='ocrx_word' id='word_1_147' title='bbox 443 1865 532 1919; x_wconf 87' lang='lat' dir='ltr'>torsit.</span> <span class='ocrx_word' id='word_1_148' title='bbox 568 1865 602 1931; x_wconf 69' lang='lat' dir='ltr'>tlt</span> <span class='ocrx_word' id='word_1_149' title='bbox 613 1867 709 1914; x_wconf 80' lang='lat' dir='ltr'>contra</span> <span class='ocrx_word' id='word_1_150' title='bbox 718 1868 810 1914; x_wconf 89' lang='lat' dir='ltr'>truces</span> 
     </span>
     <span class='ocr_line' id='line_1_25' title="bbox 240 1931 833 2000; baseline -0.008 -13"><span class='ocrx_word' id='word_1_151' title='bbox 240 1935 320 1987; x_wconf 87' lang='lat' dir='ltr'>Oculi</span> <span class='ocrx_word' id='word_1_152' title='bbox 329 1937 478 1995; x_wconf 82' lang='lat' dir='ltr'>steterunt,</span> <span class='ocrx_word' id='word_1_153' title='bbox 491 1938 519 1985; x_wconf 83' lang='lat' dir='ltr'>et</span> <span class='ocrx_word' id='word_1_154' title='bbox 529 1948 606 2000; x_wconf 82' lang='lat' dir='ltr'>suam</span> <span class='ocrx_word' id='word_1_155' title='bbox 615 1931 713 1983; x_wconf 86' lang='lat' dir='ltr'>intenti</span> <span class='ocrx_word' id='word_1_156' title='bbox 724 1947 833 2000; x_wconf 83' lang='lat' dir='ltr'>manum</span> 
     </span>
     <span class='ocr_line' id='line_1_26' title="bbox 239 2002 860 2070; baseline -0.005 -14"><span class='ocrx_word' id='word_1_157' title='bbox 239 2005 317 2056; x_wconf 85' lang='lat' dir='ltr'>Ultro</span> <span class='ocrx_word' id='word_1_158' title='bbox 327 2006 518 2070; x_wconf 81' lang='lat' dir='ltr'>insequuntur3</span> <span class='ocrx_word' id='word_1_159' title='bbox 530 2002 636 2053; x_wconf 88' lang='lat' dir='ltr'>vulneri</span> <span class='ocrx_word' id='word_1_160' title='bbox 647 2006 793 2054; x_wconf 85' lang='lat' dir='ltr'>occurrunt</span> <span class='ocrx_word' id='word_1_161' title='bbox 803 2017 860 2053; x_wconf 86' lang='lat' dir='ltr'>suc.</span> 
     </span>
     <span class='ocr_line' id='line_1_27' title="bbox 242 2068 831 2125; baseline -0.003 -1"><span class='ocrx_word' id='word_1_162' title='bbox 242 2072 385 2125; x_wconf 82' lang='lat' dir='ltr'>Scrutatur</span> <span class='ocrx_word' id='word_1_163' title='bbox 396 2071 490 2123; x_wconf 84' lang='lat' dir='ltr'>aridus</span> <span class='ocrx_word' id='word_1_164' title='bbox 497 2068 622 2124; x_wconf 79' lang='lat' dir='ltr'>¹manibus</span> <span class='ocrx_word' id='word_1_165' title='bbox 632 2071 707 2123; x_wconf 89' lang='lat' dir='ltr'>uncis</span> <span class='ocrx_word' id='word_1_166' title='bbox 717 2070 831 2122; x_wconf 80' lang='lat' dir='ltr'>lumina:</span> 
     </span>
    </p>

    <p class='ocr_par' dir='ltr' id='par_1_7' title="bbox 180 2139 845 2273">
     <span class='ocr_line' id='line_1_28' title="bbox 180 2139 776 2196; baseline -0.008 0"><span class='ocrx_word' id='word_1_167' title='bbox 180 2144 230 2196; x_wconf 79' lang='lat'>965</span> <span class='ocrx_word' id='word_1_168' title='bbox 241 2141 342 2194; x_wconf 82' lang='lat' dir='ltr'>Radice</span> <span class='ocrx_word' id='word_1_169' title='bbox 353 2142 386 2193; x_wconf 80' lang='lat' dir='ltr'>ab</span> <span class='ocrx_word' id='word_1_170' title='bbox 396 2142 452 2193; x_wconf 86' lang='lat' dir='ltr'>ima</span> <span class='ocrx_word' id='word_1_171' title='bbox 461 2139 583 2193; x_wconf 81' lang='lat' dir='ltr'>funditus</span> <span class='ocrx_word' id='word_1_172' title='bbox 593 2140 686 2192; x_wconf 82' lang='lat' dir='ltr'>vulsos</span> <span class='ocrx_word' id='word_1_173' title='bbox 696 2140 776 2193; x_wconf 91' lang='lat' dir='ltr'>simul</span> 
     </span>
     <span class='ocr_line' id='line_1_29' title="bbox 241 2209 845 2273; baseline -0.003 -9"><span class='ocrx_word' id='word_1_174' title='bbox 241 2212 350 2264; x_wconf 77' lang='lat' dir='ltr'>Evolvit</span> <span class='ocrx_word' id='word_1_175' title='bbox 360 2209 448 2263; x_wconf 86' lang='lat' dir='ltr'>orbes.</span> <span class='ocrx_word' id='word_1_176' title='bbox 490 2210 597 2263; x_wconf 77' lang='lat' dir='ltr'>Haeret</span> <span class='ocrx_word' id='word_1_177' title='bbox 605 2212 632 2261; x_wconf 88' lang='lat' dir='ltr'>in</span> <span class='ocrx_word' id='word_1_178' title='bbox 642 2226 729 2261; x_wconf 78' lang='lat' dir='ltr'>vacue</span> <span class='ocrx_word' id='word_1_179' title='bbox 740 2226 845 2273; x_wconf 86' lang='lat' dir='ltr'>manus,</span> 
     </span>
    </p>

    <p class='ocr_par' dir='ltr' id='par_1_8' title="bbox 240 2280 965 2488">
     <span class='ocr_line' id='line_1_30' title="bbox 240 2280 805 2350; baseline -0.004 -17"><span class='ocrx_word' id='word_1_180' title='bbox 240 2284 275 2333; x_wconf 85' lang='lat' dir='ltr'>Et</span> <span class='ocrx_word' id='word_1_181' title='bbox 284 2282 339 2333; x_wconf 84' lang='lat' dir='ltr'>fixa</span> <span class='ocrx_word' id='word_1_182' title='bbox 350 2282 456 2350; x_wconf 85' lang='lat' dir='ltr'>penitus</span> <span class='ocrx_word' id='word_1_183' title='bbox 467 2281 601 2348; x_wconf 80' lang='lat' dir='ltr'>unguibus</span> <span class='ocrx_word' id='word_1_184' title='bbox 609 2280 713 2339; x_wconf 82' lang='lat' dir='ltr'>lacerat</span> <span class='ocrx_word' id='word_1_185' title='bbox 723 2295 805 2331; x_wconf 86' lang='lat' dir='ltr'>cavos</span> 
     </span>
     <span class='ocr_line' id='line_1_31' title="bbox 240 2348 808 2412; baseline -0.002 -11"><span class='ocrx_word' id='word_1_186' title='bbox 240 2352 299 2402; x_wconf 80' lang='lat' dir='ltr'>Alte</span> <span class='ocrx_word' id='word_1_187' title='bbox 309 2365 433 2404; x_wconf 87' lang='lat' dir='ltr'>recessus</span> <span class='ocrx_word' id='word_1_188' title='bbox 442 2348 571 2401; x_wconf 90' lang='lat' dir='ltr'>luminum</span> <span class='ocrx_word' id='word_1_189' title='bbox 582 2354 611 2402; x_wconf 89' lang='lat' dir='ltr'>et</span> <span class='ocrx_word' id='word_1_190' title='bbox 620 2350 714 2402; x_wconf 82' lang='lat' dir='ltr'>inanes</span> <span class='ocrx_word' id='word_1_191' title='bbox 724 2352 808 2412; x_wconf 89' lang='lat' dir='ltr'>sinus,</span> 
     </span>
     <span class='ocr_line' id='line_1_32' title="bbox 242 2418 965 2488; baseline -0.001 -17"><span class='ocrx_word' id='word_1_192' title='bbox 242 2419 386 2488; x_wconf 85' lang='lat' dir='ltr'>Saevitque</span> <span class='ocrx_word' id='word_1_193' title='bbox 397 2419 511 2485; x_wconf 85' lang='lat' dir='ltr'>frustra3</span> <span class='ocrx_word' id='word_1_194' title='bbox 522 2419 650 2487; x_wconf 86' lang='lat' dir='ltr'>plusque,</span> <span class='ocrx_word' id='word_1_195' title='bbox 662 2434 743 2487; x_wconf 87' lang='lat' dir='ltr'>quam</span> <span class='ocrx_word' id='word_1_196' title='bbox 752 2420 819 2471; x_wconf 86' lang='lat' dir='ltr'>satis</span> <span class='ocrx_word' id='word_1_197' title='bbox 829 2425 872 2471; x_wconf 87' lang='lat' dir='ltr'>est</span> <span class='ocrx_word' id='word_1_198' title='bbox 878 2457 890 2483; x_wconf 87' lang='lat'>,.</span> <span class='ocrx_word' id='word_1_199' title='bbox 897 2418 965 2470; x_wconf 84' lang='lat' dir='ltr'>furit</span> 
     </span>
    </p>

    <p class='ocr_par' dir='ltr' id='par_1_9' title="bbox 182 2478 978 2834">
     <span class='ocr_line' id='line_1_33' title="bbox 182 2478 885 2563; baseline -0.006 -21"><span class='ocrx_word' id='word_1_200' title='bbox 182 2491 231 2542; x_wconf 70' lang='lat'>970</span> <span class='ocrx_word' id='word_1_201' title='bbox 241 2490 361 2540; x_wconf 83' lang='lat' dir='ltr'>Tantum</span> <span class='ocrx_word' id='word_1_202' title='bbox 373 2494 415 2541; x_wconf 81' lang='lat' dir='ltr'>est</span> <span class='ocrx_word' id='word_1_203' title='bbox 425 2489 555 2557; x_wconf 89' lang='lat' dir='ltr'>periclum</span> <span class='ocrx_word' id='word_1_204' title='bbox 565 2489 642 2540; x_wconf 87' lang='lat' dir='ltr'>lucis.</span> <span class='ocrx_word' id='word_1_205' title='bbox 677 2478 885 2563; x_wconf 65' lang='lat' dir='ltr'>Attullltcaput,</span> 
     </span>
     <span class='ocr_line' id='line_1_34' title="bbox 243 2557 853 2631; baseline -0.003 -21"><span class='ocrx_word' id='word_1_206' title='bbox 243 2559 373 2626; x_wconf 75' lang='lat' dir='ltr'>(larisque</span> <span class='ocrx_word' id='word_1_207' title='bbox 382 2557 501 2631; x_wconf 79' lang='lat' dir='ltr'>lustrans</span> <span class='ocrx_word' id='word_1_208' title='bbox 511 2559 621 2610; x_wconf 89' lang='lat' dir='ltr'>orbibus</span> <span class='ocrx_word' id='word_1_209' title='bbox 631 2557 701 2609; x_wconf 87' lang='lat' dir='ltr'>coeli</span> <span class='ocrx_word' id='word_1_210' title='bbox 712 2558 817 2625; x_wconf 80' lang='lat' dir='ltr'>plagas,</span> <span class='ocrx_word' id='word_1_211' title='bbox 850 2618 853 2628; x_wconf 32' lang='lat'>¹</span> 
     </span>
     <span class='ocr_line' id='line_1_35' title="bbox 242 2623 883 2695; baseline 0 -16"><span class='ocrx_word' id='word_1_212' title='bbox 242 2627 358 2680; x_wconf 82' lang='lat' dir='ltr'>Noctem</span> <span class='ocrx_word' id='word_1_213' title='bbox 369 2629 514 2695; x_wconf 85' lang='lat' dir='ltr'>experitur.</span> <span class='ocrx_word' id='word_1_214' title='bbox 551 2625 688 2695; x_wconf 74' lang='lat' dir='ltr'>Quidquid</span> <span class='ocrx_word' id='word_1_215' title='bbox 697 2623 803 2679; x_wconf 84' lang='lat' dir='ltr'>effossis</span> <span class='ocrx_word' id='word_1_216' title='bbox 813 2627 883 2679; x_wconf 79' lang='lat' dir='ltr'>mule</span> 
     </span>
     <span class='ocr_line' id='line_1_36' title="bbox 244 2694 839 2763; baseline 0.003 -16"><span class='ocrx_word' id='word_1_217' title='bbox 244 2694 388 2762; x_wconf 84' lang='lat' dir='ltr'>Dependet</span> <span class='ocrx_word' id='word_1_218' title='bbox 401 2696 498 2758; x_wconf 84' lang='lat' dir='ltr'>oculis,</span> <span class='ocrx_word' id='word_1_219' title='bbox 508 2698 622 2763; x_wconf 89' lang='lat' dir='ltr'>rumpit,</span> <span class='ocrx_word' id='word_1_220' title='bbox 635 2702 663 2748; x_wconf 90' lang='lat' dir='ltr'>et</span> <span class='ocrx_word' id='word_1_221' title='bbox 673 2698 762 2747; x_wconf 84' lang='lat' dir='ltr'>victor</span> <span class='ocrx_word' id='word_1_222' title='bbox 772 2694 839 2749; x_wconf 88' lang='lat' dir='ltr'>deos</span> 
     </span>
     <span class='ocr_line' id='line_1_37' title="bbox 244 2763 978 2834; baseline 0.004 -17"><span class='ocrx_word' id='word_1_223' title='bbox 244 2764 401 2817; x_wconf 78' lang='lat' dir='ltr'>Conclamat</span> <span class='ocrx_word' id='word_1_224' title='bbox 407 2780 512 2815; x_wconf 87' lang='lat' dir='ltr'>omues:</span> <span class='ocrx_word' id='word_1_225' title='bbox 524 2766 660 2828; x_wconf 70' lang='lat' dir='ltr'>„Parcite</span> <span class='ocrx_word' id='word_1_226' title='bbox 670 2763 733 2829; x_wconf 85' lang='lat' dir='ltr'>heu,</span> <span class='ocrx_word' id='word_1_227' title='bbox 745 2768 860 2833; x_wconf 81' lang='lat' dir='ltr'>patriae,</span> <span class='ocrx_word' id='word_1_228' title='bbox 866 2780 978 2834; x_wconf 75' lang='lat' dir='ltr'>precor:</span> 
     </span>
    </p>
   </div>
   <div class='ocr_carea' id='block_1_4' title="bbox 0 0 1089 3125">
    <p class='ocr_par' dir='ltr' id='par_1_10' title="bbox 0 0 1089 3125">
     <span class='ocr_line' id='line_1_38' title="bbox 0 0 1089 3125; baseline 0 0"><span class='ocrx_word' id='word_1_229' title='bbox 0 0 1089 3125; x_wconf 95' lang='lat' dir='ltr'> </span> 
     </span>
    </p>
   </div>
  </div>
 </body>
</html>
