2150 3125
180 225 228 274 128
382 219 414 270 L.
433 218 587 270 ANNAEI
606 217 795 271 SENECAE

239 340 329 376 mre.
349 324 448 375 Procul
457 322 609 390 impudicos
621 338 736 388 corpure
747 338 764 372 a
776 329 853 374 casto
865 338 962 374 amove

179 398 228 448 105
240 393 357 446 Tactus!
379 393 450 457 Quid
461 391 513 444 hoc
524 391 582 443 esti
595 393 677 442 etiam
685 393 713 441 in
724 392 864 460 amplexus
874 391 945 443 ruiti

239 465 394 532 stringatur
405 464 489 514 ensis:
501 463 600 512 merita
609 462 742 528 supplicia
753 463 852 529 exigat.

238 536 294 596 En,
304 533 468 600 impudicum
480 533 556 582 crine
566 537 692 583 contorto
705 538 787 597 caput

238 605 332 655 Laeva
342 601 450 654 reflexi:
460 603 558 652 iustior
568 615 703 670 nunquam
713 599 782 651 focis

238 675 326 724 Datus
337 674 391 724 tuis
401 678 444 722 est
456 672 579 738 sanguis,
591 671 743 722 arcitenens
753 668 816 721 dea!

178 746 229 795 110
241 757 292 793 nn.
312 741 476 810 Hippolyte,
487 756 559 791 nunc
569 748 613 790 nie
624 745 778 807 compotem
789 740 846 790 voti
857 738 938 789 iacis:

239 812 324 865 Sanas
335 811 479 862 furentem.
514 811 604 860 Maius
615 807 669 860 hoc
678 815 744 860 voto
755 825 817 860 men
829 814 879 871 est,
936 861 938 863 .

238 881 319 934 Salvo
330 886 362 932 ut
371 881 475 948 pudore
486 879 610 930 mamiius
619 880 758 931 immoriar
768 879 829 930 tuis.

238 966 328 1002 nrrr.
348 948 482 1002 Abscede!
503 949 576 1000 rivet
587 965 621 1000 ne
632 948 695 1017 quid
706 963 818 1013 exures3
830 959 858 1000 et
868 946 912 998 hic

240 1023 387 1073 contactus
399 1021 469 1072 ensis
482 1019 592 1070 deserat
603 1024 707 1069 castum
718 1016 802 1070 latus!

78 1049 132 1190 pisti
154 1071 164 1144 i
179 1092 229 1143 115
242 1092 308 1154 Quis
321 1091 394 1141 eluet
403 1105 446 1140 me
459 1087 579 1140 Tanaisi
600 1094 648 1139 aut
658 1103 727 1156 quae
737 1087 860 1139 barbaris

71 1169 77 1187 ¹
239 1161 356 1212 Maeotis
366 1159 444 1210 undis
454 1159 571 1210 Pontico
582 1158 740 1209 incumbens
751 1155 835 1208 marii

237 1231 365 1296 Nonipse
375 1235 435 1280 tote
447 1244 561 1296 magnus
573 1228 683 1279 Oceano
695 1233 774 1296 pater

147 1305 148 1308 ’
239 1302 358 1351 Tantum
370 1299 486 1365 expiarit
497 1298 616 1349 sceleris.
653 1297 676 1347 0
688 1295 784 1349 silvaci
807 1295 921 1348 oferaei

239 1383 290 1420 nn.
313 1370 455 1436 Deprensa
465 1368 545 1434 culpa
555 1373 611 1430 est,
622 1365 723 1419 anime!
740 1396 773 1405 -
788 1380 888 1416 nurn.
907 1364 977 1426 Quid

564 1438 653 1505 segnis
663 1436 773 1504 stupesi

177 1513 229 1561 720
239 1511 406 1578 Regeramus
416 1507 468 1573 ipsi
477 1507 591 1570 crimen,
603 1513 684 1574 atque
694 1507 766 1557 uitro
777 1506 886 1574 impiam

239 1578 374 1631 Venerem
385 1591 539 1644 arguamus.
557 1575 666 1629 Scelere
676 1577 817 1630 velandum
828 1581 871 1627 est
881 1576 977 1627 scelus.

239 1649 417 1700 Tutissimum
429 1645 595 1709 estimem,
607 1663 668 1698 cum
678 1648 789 1711 timeas,
800 1646 922 1714 gradum.

236 1722 325 1770 Ausae
336 1718 440 1783 priores
451 1717 548 1778 simus,
561 1732 594 1767 an
604 1732 701 1785 passae
713 1716 799 1779 nefas,

238 1787 352 1839 Secreta
362 1802 422 1837 cum
435 1787 471 1836 sit
481 1786 573 1852 culpa,
585 1787 644 1853 quis
656 1788 734 1838 testis
744 1784 829 1837 scieti

177 1858 228 1909 125
240 1858 352 1919 Adeste,
364 1853 497 1907 Athenaei
519 1856 575 1906 fida
585 1854 748 1907 famulorum
758 1871 861 1916 manus,

236 1928 290 1978 Fer
302 1923 394 1994 npemi
414 1923 523 1975 nefandi
534 1931 631 1992 raptor
641 1926 807 1993 Hippolytus
817 1924 902 1990 stupri

237 1999 337 2059 instat,
349 1994 514 2062 premitque3
526 1995 622 2046 mortis
632 1997 749 2046 intentat
759 2002 885 2057 metum31

235 2067 321 2118 Ferro
331 2065 457 2132 pudicam
469 2063 567 2115 terret!
589 2066 643 2127 En,
654 2081 785 2132 praeceps
797 2064 863 2127 abit,

236 2136 389 2203 Ensemque
401 2134 507 2201 trepida
516 2134 594 2201 liquit
605 2136 737 2186 attonitus
747 2133 826 2201 fuga!

175 2205 225 2255 1311
236 2206 337 2273 Pignus
348 2210 470 2256 tenemus
481 2202 599 2255 sceleris.
636 2205 714 2256 Hanc
725 2210 857 2255 moestam
869 2205 944 2269 prius

235 2272 382 2326 Recreate!
395 2273 481 2324 Crinis
491 2278 597 2323 tractus
608 2280 637 2325 et
645 2274 754 2326 lacerae
765 2289 873 2336 comae,

235 2346 271 2397 Ut
282 2350 352 2407 sunt,
364 2347 536 2404 remaneant,
546 2341 676 2395 facinoris
686 2346 756 2395 tanti
767 2349 858 2393 notae.

236 2414 359 2465 Perierte
369 2414 396 2463 in
407 2410 513 2462 urbem!
526 2440 558 2449 -
570 2412 671 2481 Recipe
680 2415 735 2465 iam
746 2429 854 2475 sensus,
865 2410 946 2463 hera!

236 2484 305 2547 Quid
316 2489 344 2534 te
354 2484 414 2549 ipsa
424 2480 548 2533 lacerans
559 2484 676 2533 omnium
687 2484 833 2550 adspectus
842 2478 930 2549 fugis!

175 2555 224 2605 135
237 2554 314 2605 Mens
323 2551 488 2618 impudicam
498 2548 605 2613 iacere,
616 2568 669 2603 non
683 2568 775 2615 casus,
790 2552 860 2603 sciet
