2150 3125
258 213 544 267 errromrus.
580 215 725 268 Aean.
840 217 891 268 m

90 317 120 372 Si
131 318 249 370 nobilem
261 321 378 371 animum
390 325 487 388 vegeta
498 319 610 384 libertas
620 319 676 372 elit

90 387 273 440 Truculentus
286 395 314 441 et
323 389 447 442 silvester
457 395 486 441 et
495 392 568 442 vitae
577 391 688 452 inseius,

90 459 212 509 Tristem
221 460 358 511 iuventam
369 458 476 512 Venere
487 460 598 512 deserte
607 459 681 512 colis.

93 528 155 579 lloe
165 543 225 580 esse
236 543 334 580 munus
344 528 432 582 eredis
440 528 572 580 lndletum
582 530 655 592 viris,

91 598 128 648 Ut
139 597 208 648 dura
217 598 348 662 tolerent,
360 599 483 650 cursibus
494 599 629 650 domitent
639 613 732 667 equos,
839 598 891 649 iil

90 667 128 718 Et
139 682 221 718 saera
230 666 302 719 belle
311 669 402 720 Marte
412 671 562 736 sanguineo
572 667 686 737 gerenti

90 736 216 787 Providit
225 737 269 787 ille
280 738 412 789 maximus
423 739 513 789 mundi
526 754 634 805 parens,

92 807 159 855 Cum
169 811 226 856 tam
237 821 351 872 rapaces
363 818 487 859 cerneret
497 808 560 858 Fati
570 823 674 870 munus,

93 876 129 924 Ut
140 874 239 926 dumne
249 891 355 942 semper
365 877 461 928 sobole
472 883 614 944 repararet
624 892 702 928 nora

92 944 230 1006 Excedat,
242 945 370 1012 agedum,
382 947 462 998 rebus
474 945 598 998 humanis
609 945 711 1010 Venus,
839 951 890 999 ere

92 1013 170 1074 Quae
181 1012 288 1080 supplet
299 1030 331 1065 ao
343 1017 463 1067 restituit
473 1015 636 1068 exhaustum
646 1031 745 1084 genus:

91 1081 173 1134 Orbis
182 1083 284 1135 iacebit
293 1085 414 1151 squalido
425 1087 512 1151 turpis
523 1087 591 1149 situ3

91 1150 215 1204 Vacuum
226 1152 283 1204 sine
294 1154 354 1204 ullis
365 1154 497 1206 classibus
507 1155 592 1206 stabit
601 1169 690 1219 mare3

90 1220 206 1288 diesque
217 1223 293 1273 coelo
306 1223 405 1285 deerit,
417 1231 445 1276 et
454 1224 527 1275 silvis
537 1223 606 1287 lere,

90 1289 162 1341 Solis
174 1296 202 1341 et
212 1294 260 1342 aer
271 1294 378 1360 pervius
389 1294 476 1345 ventis
488 1295 548 1344 erit
837 1296 889 1346 415

90 1360 178 1420 Quem
189 1361 264 1411 varie
273 1361 319 1413 leti
331 1376 432 1430 genere
442 1363 585 1415 mortalem
596 1362 706 1414 trabunt

90 1431 264 1497 carpuntque
276 1432 396 1494 turbam,
409 1439 520 1499 pontus,
533 1439 562 1484 et
571 1431 686 1495 serrum,
697 1437 726 1484 et
735 1431 802 1484 dom

89 1497 144 1549 Sed
157 1497 215 1548 latu
226 1501 321 1551 credas
332 1501 440 1554 deesse:
451 1503 490 1554 sie
501 1509 588 1554 atrum
600 1500 688 1571 Styge

87 1570 146 1619 larn
158 1571 274 1634 petimus
286 1571 365 1622 ultro.
402 1572 539 1625 coelibem
549 1574 632 1625 ritem
645 1572 743 1639 probet

88 1638 195 1689 Sterilis
205 1641 342 1691 iuventus:
354 1639 482 1705 hoderit,
493 1642 622 1711 quidquid
632 1642 720 1704 rides,
836 1644 888 1693 480

90 1710 175 1759 Unius
187 1710 247 1759 aevi
257 1709 351 1774 turbu,
363 1712 426 1762 etin
438 1718 526 1764 semet
534 1718 605 1765 ruet.

87 1777 208 1829 Proinde
219 1780 291 1830 ritae
301 1794 414 1849 sequere
425 1780 559 1833 Naturam
568 1781 678 1832 dneems

88 1846 190 1899 Urbem
201 1846 357 1916 frequenta,
370 1851 467 1901 civium
480 1856 575 1903 coetus
587 1850 654 1902 cole.

87 1931 181 1967 rrrrr.
193 1915 255 1968 Non
266 1918 320 1969 alia
330 1921 415 1988 magis
426 1926 469 1972 est
478 1920 565 1973 libera
575 1920 676 1972 etritio
687 1933 792 1983 cerens,
955 1959 958 1978 ,

86 1986 325 2053 Ritusquemelius
335 1990 586 2058 vitaquaepriseos
598 1988 680 2051 eolat,
834 1992 886 2042 485
954 2031 957 2040 .

90 2056 178 2118 Quam
190 2072 258 2124 quae
269 2058 371 2109 relictis
382 2060 522 2111 moenibus
533 2059 614 2111 silvas
625 2064 707 2110 amet.

86 2124 110 2176 N
113 2142 149 2176 on
158 2125 234 2175 illum
246 2142 344 2179 avaree
355 2130 452 2181 mentis
462 2127 613 2181 inflammat
622 2127 707 2190 furor,

87 2196 142 2257 Qui
153 2210 183 2245 se
195 2196 296 2247 dicarit
307 2200 437 2249 montium
447 2200 582 2250 insontem
592 2198 676 2266 iugls;

86 2264 148 2316 Non
161 2280 228 2315 aura
239 2267 331 2333 populi
342 2273 370 2319 et
381 2269 475 2337 vulgus
485 2269 597 2319 infidum
606 2268 695 2331 bonis,
953 2281 957 2324 J

86 2333 148 2385 Non
158 2335 287 2400 pestilens
297 2336 411 2401 invidia,
430 2353 483 2389 non
494 2336 598 2405 fragilis
609 2336 695 2389 favor.
833 2339 884 2388 490
952 2347 954 2358 ·

85 2402 147 2455 Non
157 2404 202 2455 ille
214 2421 298 2475 regno
308 2410 405 2470 servit,
417 2414 477 2471 aut,
489 2422 574 2527 relpm
583 2407 733 2469 imminens,

86 2472 180 2525 Vanos
190 2472 308 2527 honores
319 2479 454 2545 sequitur,
465 2483 513 2527 eut
541 2490 610 2528 unas
620 2491 686 2543 opes

86 2541 152 2610 Spei
162 2551 303 2613 metusque
313 2546 390 2598 liber.
426 2546 507 2598 Haud
518 2546 592 2597 illurn
603 2546 680 2614 niger

86 2613 217 2681 Edaxque
227 2614 313 2666 Livor
322 2615 403 2668 dente
413 2616 542 2685 degeneri
550 2617 633 2684 petlt3

85 2682 143 2734 Nec
154 2684 259 2735 seelera
268 2686 384 2752 populos
394 2686 466 2737 inter
477 2692 559 2754 atque
567 2686 649 2737 urbes
660 2687 714 2735 site
833 2686 884 2733 495

84 2752 182 2817 Novit3
193 2770 243 2804 neo
254 2770 348 2806 ornnes
359 2758 483 2807 conscius
496 2757 624 2822 strepitus
635 2761 724 2818 paret,
