<?xml version="1.0" encoding="UTF-8"?>
<!DOCTYPE html PUBLIC "-//W3C//DTD XHTML 1.0 Transitional//EN"
    "http://www.w3.org/TR/xhtml1/DTD/xhtml1-transitional.dtd">
<html xmlns="http://www.w3.org/1999/xhtml" xml:lang="en" lang="en">
 <head>
  <title>
</title>
<meta http-equiv="Content-Type" content="text/html;charset=utf-8" />
  <meta name='ocr-system' content='tesseract 3.04.00' />
  <meta name='ocr-capabilities' content='ocr_page ocr_carea ocr_par ocr_line ocrx_word'/>
</head>
<body>
  <div class='ocr_page' id='page_1' title='image "./lannaeisenecaet05senegoog_0376.png"; bbox 0 0 2150 3125; ppageno 0'>
   <div class='ocr_carea' id='block_1_1' title="bbox 213 273 849 344">
    <p class='ocr_par' dir='ltr' id='par_1_1' title="bbox 213 273 849 344">
     <span class='ocr_line' id='line_1_1' title="bbox 213 273 849 344; baseline -0.016 -10"><span class='ocrx_word' id='word_1_1' title='bbox 213 283 263 336; x_wconf 80' lang='lat' dir='ltr'><strong>sn</strong></span> <span class='ocrx_word' id='word_1_2' title='bbox 392 273 849 344; x_wconf 72' lang='lat' dir='ltr'><strong>[r,.sunnursnnecna1</strong></span> 
     </span>
    </p>
   </div>
   <div class='ocr_carea' id='block_1_2' title="bbox 210 379 1001 1985">
    <p class='ocr_par' dir='ltr' id='par_1_2' title="bbox 210 379 1001 1985">
     <span class='ocr_line' id='line_1_2' title="bbox 274 379 796 448; baseline -0.017 -11"><span class='ocrx_word' id='word_1_3' title='bbox 274 385 359 438; x_wconf 79' lang='lat' dir='ltr'><strong>Ultris</strong></span> <span class='ocrx_word' id='word_1_4' title='bbox 371 383 488 448; x_wconf 80' lang='lat' dir='ltr'><strong>Erinnys</strong></span> <span class='ocrx_word' id='word_1_5' title='bbox 498 380 583 447; x_wconf 86' lang='lat' dir='ltr'><strong>impie</strong></span> <span class='ocrx_word' id='word_1_6' title='bbox 594 379 705 448; x_wconf 76' lang='lat' dir='ltr'><strong>&lt;lignum</strong></span> <span class='ocrx_word' id='word_1_7' title='bbox 716 383 796 446; x_wconf 82' lang='lat' dir='ltr'><strong>parat</strong></span> 
     </span>
     <span class='ocr_line' id='line_1_3' title="bbox 272 446 923 518; baseline -0.014 -13"><span class='ocrx_word' id='word_1_8' title='bbox 272 455 371 506; x_wconf 76' lang='lat' dir='ltr'><strong>Lemni</strong></span> <span class='ocrx_word' id='word_1_9' title='bbox 382 457 514 518; x_wconf 76' lang='lat' dir='ltr'><strong>tyranno,</strong></span> <span class='ocrx_word' id='word_1_10' title='bbox 525 451 653 511; x_wconf 83' lang='lat' dir='ltr'><strong>verbera,</strong></span> <span class='ocrx_word' id='word_1_11' title='bbox 664 455 693 499; x_wconf 90' lang='lat' dir='ltr'><strong>et</strong></span> <span class='ocrx_word' id='word_1_12' title='bbox 702 454 809 516; x_wconf 84' lang='lat' dir='ltr'><strong>turpem</strong></span> <span class='ocrx_word' id='word_1_13' title='bbox 820 446 923 515; x_wconf 74' lang='lat' dir='ltr'><strong>fugam,</strong></span> 
     </span>
     <span class='ocr_line' id='line_1_4' title="bbox 271 519 875 590; baseline -0.013 -15"><span class='ocrx_word' id='word_1_14' title='bbox 271 525 446 590; x_wconf 80' lang='lat' dir='ltr'><strong>Poenaeque,</strong></span> <span class='ocrx_word' id='word_1_15' title='bbox 457 521 516 588; x_wconf 82' lang='lat' dir='ltr'><strong>quis</strong></span> <span class='ocrx_word' id='word_1_16' title='bbox 529 527 559 571; x_wconf 90' lang='lat' dir='ltr'><strong>et</strong></span> <span class='ocrx_word' id='word_1_17' title='bbox 570 519 681 572; x_wconf 84' lang='lat' dir='ltr'><strong>Tantali</strong></span> <span class='ocrx_word' id='word_1_18' title='bbox 690 519 782 570; x_wconf 85' lang='lat' dir='ltr'><strong>vineat</strong></span> <span class='ocrx_word' id='word_1_19' title='bbox 792 519 875 580; x_wconf 87' lang='lat' dir='ltr'><strong>sitim,</strong></span> 
     </span>
     <span class='ocr_line' id='line_1_5' title="bbox 271 587 839 656; baseline -0.014 -11"><span class='ocrx_word' id='word_1_20' title='bbox 271 595 367 646; x_wconf 83' lang='lat' dir='ltr'>Dirum</span> <span class='ocrx_word' id='word_1_21' title='bbox 378 591 500 643; x_wconf 84' lang='lat' dir='ltr'><strong>laborem</strong></span> <span class='ocrx_word' id='word_1_22' title='bbox 511 587 637 656; x_wconf 78' lang='lat' dir='ltr'><strong>Sisyphi,</strong></span> <span class='ocrx_word' id='word_1_23' title='bbox 648 588 727 654; x_wconf 80' lang='lat' dir='ltr'><strong>Tityi</strong></span> <span class='ocrx_word' id='word_1_24' title='bbox 737 587 839 650; x_wconf 86' lang='lat' dir='ltr'><strong>alitem,</strong></span> 
     </span>
     <span class='ocr_line' id='line_1_6' title="bbox 210 659 832 730; baseline -0.019 -12"><span class='ocrx_word' id='word_1_25' title='bbox 210 666 260 718; x_wconf 77' lang='lat'><strong>625</strong></span> <span class='ocrx_word' id='word_1_26' title='bbox 274 663 428 730; x_wconf 82' lang='lat' dir='ltr'><strong>ixionisque</strong></span> <span class='ocrx_word' id='word_1_27' title='bbox 439 659 563 712; x_wconf 89' lang='lat' dir='ltr'><strong>membra</strong></span> <span class='ocrx_word' id='word_1_28' title='bbox 572 659 723 725; x_wconf 79' lang='lat' dir='ltr'><strong>rapientem</strong></span> <span class='ocrx_word' id='word_1_29' title='bbox 733 662 832 707; x_wconf 80' lang='lat' dir='ltr'><strong>rotam.</strong></span> 
     </span>
     <span class='ocr_line' id='line_1_7' title="bbox 270 728 923 796; baseline -0.014 -12"><span class='ocrx_word' id='word_1_30' title='bbox 270 734 350 785; x_wconf 80' lang='lat' dir='ltr'><strong>Licet</strong></span> <span class='ocrx_word' id='word_1_31' title='bbox 360 735 470 783; x_wconf 84' lang='lat' dir='ltr'><strong>extruat</strong></span> <span class='ocrx_word' id='word_1_32' title='bbox 480 728 661 780; x_wconf 76' lang='lat' dir='ltr'><strong>mamanibus</strong></span> <span class='ocrx_word' id='word_1_33' title='bbox 672 733 754 795; x_wconf 83' lang='lat' dir='ltr'><strong>atque</strong></span> <span class='ocrx_word' id='word_1_34' title='bbox 765 741 833 778; x_wconf 85' lang='lat' dir='ltr'><strong>aure</strong></span> <span class='ocrx_word' id='word_1_35' title='bbox 843 733 923 796; x_wconf 69' lang='lat' dir='ltr'><strong>tegat</strong></span> 
     </span>
     <span class='ocr_line' id='line_1_8' title="bbox 271 795 833 869; baseline -0.014 -14"><span class='ocrx_word' id='word_1_36' title='bbox 271 801 409 869; x_wconf 82' lang='lat' dir='ltr'><strong>Superbus</strong></span> <span class='ocrx_word' id='word_1_37' title='bbox 420 799 523 862; x_wconf 79' lang='lat' dir='ltr'><strong>aulam3</strong></span> <span class='ocrx_word' id='word_1_38' title='bbox 532 799 614 850; x_wconf 89' lang='lat' dir='ltr'><strong>limen</strong></span> <span class='ocrx_word' id='word_1_39' title='bbox 625 802 748 848; x_wconf 86' lang='lat' dir='ltr'><strong>armatae</strong></span> <span class='ocrx_word' id='word_1_40' title='bbox 758 795 833 848; x_wconf 85' lang='lat' dir='ltr'><strong>(lueis</strong></span> 
     </span>
     <span class='ocr_line' id='line_1_9' title="bbox 272 866 876 934; baseline -0.013 -9"><span class='ocrx_word' id='word_1_41' title='bbox 272 872 387 925; x_wconf 78' lang='lat' dir='ltr'><strong>Servent</strong></span> <span class='ocrx_word' id='word_1_42' title='bbox 398 866 540 934; x_wconf 63' lang='lat' dir='ltr'><strong>eohortem</strong></span> <span class='ocrx_word' id='word_1_43' title='bbox 551 869 643 918; x_wconf 88' lang='lat' dir='ltr'><strong>mittat</strong></span> <span class='ocrx_word' id='word_1_44' title='bbox 651 868 797 917; x_wconf 87' lang='lat' dir='ltr'><strong>immensas</strong></span> <span class='ocrx_word' id='word_1_45' title='bbox 809 881 876 932; x_wconf 88' lang='lat' dir='ltr'><strong>opes</strong></span> 
     </span>
     <span class='ocr_line' id='line_1_10' title="bbox 271 936 918 1004; baseline -0.008 -11"><span class='ocrx_word' id='word_1_46' title='bbox 271 939 428 994; x_wconf 72' lang='lat' dir='ltr'><strong>Exhaustus</strong></span> <span class='ocrx_word' id='word_1_47' title='bbox 439 937 527 1002; x_wconf 73' lang='lat' dir='ltr'><strong>erbis,</strong></span> <span class='ocrx_word' id='word_1_48' title='bbox 538 936 674 1004; x_wconf 87' lang='lat' dir='ltr'><strong>suppliees</strong></span> <span class='ocrx_word' id='word_1_49' title='bbox 686 936 808 986; x_wconf 81' lang='lat' dir='ltr'><strong>dextram</strong></span> <span class='ocrx_word' id='word_1_50' title='bbox 819 941 918 1002; x_wconf 87' lang='lat' dir='ltr'><strong>petant</strong></span> 
     </span>
     <span class='ocr_line' id='line_1_11' title="bbox 212 1003 879 1074; baseline -0.018 -7"><span class='ocrx_word' id='word_1_51' title='bbox 212 1016 262 1068; x_wconf 72' lang='lat'><strong>63⁰</strong></span> <span class='ocrx_word' id='word_1_52' title='bbox 274 1008 368 1064; x_wconf 85' lang='lat' dir='ltr'><strong>Parthi</strong></span> <span class='ocrx_word' id='word_1_53' title='bbox 380 1013 533 1070; x_wconf 65' lang='lat' dir='ltr'><strong>cruentam</strong></span> <span class='ocrx_word' id='word_1_54' title='bbox 544 1022 642 1074; x_wconf 84' lang='lat' dir='ltr'><strong>regna,</strong></span> <span class='ocrx_word' id='word_1_55' title='bbox 654 1005 775 1067; x_wconf 79' lang='lat' dir='ltr'><strong>divitias,</strong></span> <span class='ocrx_word' id='word_1_56' title='bbox 788 1003 879 1056; x_wconf 82' lang='lat' dir='ltr'><strong>lerant</strong></span> 
     </span>
     <span class='ocr_line' id='line_1_12' title="bbox 272 1073 868 1145; baseline -0.015 -12"><span class='ocrx_word' id='word_1_57' title='bbox 272 1081 372 1134; x_wconf 87' lang='lat' dir='ltr'><strong>Veniet</strong></span> <span class='ocrx_word' id='word_1_58' title='bbox 383 1079 441 1130; x_wconf 84' lang='lat' dir='ltr'><strong>(lies</strong></span> <span class='ocrx_word' id='word_1_59' title='bbox 452 1084 627 1145; x_wconf 80' lang='lat' dir='ltr'><strong>tempusque,</strong></span> <span class='ocrx_word' id='word_1_60' title='bbox 639 1089 693 1144; x_wconf 91' lang='lat' dir='ltr'><strong>quo</strong></span> <span class='ocrx_word' id='word_1_61' title='bbox 704 1073 803 1125; x_wconf 85' lang='lat' dir='ltr'><strong>reddat</strong></span> <span class='ocrx_word' id='word_1_62' title='bbox 812 1076 868 1125; x_wconf 89' lang='lat' dir='ltr'><strong>suis</strong></span> 
     </span>
     <span class='ocr_line' id='line_1_13' title="bbox 272 1143 1001 1212; baseline -0.007 -9"><span class='ocrx_word' id='word_1_63' title='bbox 272 1152 394 1203; x_wconf 78' lang='lat' dir='ltr'><strong>Animam</strong></span> <span class='ocrx_word' id='word_1_64' title='bbox 405 1153 549 1200; x_wconf 82' lang='lat' dir='ltr'><strong>uouentem</strong></span> <span class='ocrx_word' id='word_1_65' title='bbox 560 1145 722 1206; x_wconf 82' lang='lat' dir='ltr'><strong>sceleribus,</strong></span> <span class='ocrx_word' id='word_1_66' title='bbox 731 1144 853 1212; x_wconf 79' lang='lat' dir='ltr'><strong>iugulum</strong></span> <span class='ocrx_word' id='word_1_67' title='bbox 864 1143 1001 1209; x_wconf 84' lang='lat' dir='ltr'><strong>hostibus,</strong></span> 
     </span>
     <span class='ocr_line' id='line_1_14' title="bbox 272 1215 867 1281; baseline -0.012 -9"><span class='ocrx_word' id='word_1_68' title='bbox 272 1223 405 1272; x_wconf 83' lang='lat' dir='ltr'><strong>Desertus</strong></span> <span class='ocrx_word' id='word_1_69' title='bbox 415 1223 444 1270; x_wconf 87' lang='lat' dir='ltr'><strong>et</strong></span> <span class='ocrx_word' id='word_1_70' title='bbox 454 1217 610 1268; x_wconf 74' lang='lat' dir='ltr'><strong>destructam</strong></span> <span class='ocrx_word' id='word_1_71' title='bbox 620 1220 649 1266; x_wconf 86' lang='lat' dir='ltr'><strong>et</strong></span> <span class='ocrx_word' id='word_1_72' title='bbox 660 1215 765 1265; x_wconf 88' lang='lat' dir='ltr'><strong>eunetis</strong></span> <span class='ocrx_word' id='word_1_73' title='bbox 776 1228 867 1281; x_wconf 82' lang='lat' dir='ltr'><strong>egens.</strong></span> 
     </span>
     <span class='ocr_line' id='line_1_15' title="bbox 273 1282 918 1357; baseline -0.014 -15"><span class='ocrx_word' id='word_1_74' title='bbox 273 1291 350 1353; x_wconf 86' lang='lat' dir='ltr'><strong>Heu,</strong></span> <span class='ocrx_word' id='word_1_75' title='bbox 361 1304 414 1357; x_wconf 91' lang='lat' dir='ltr'><strong>quo</strong></span> <span class='ocrx_word' id='word_1_76' title='bbox 425 1286 517 1350; x_wconf 86' lang='lat' dir='ltr'><strong>labor,</strong></span> <span class='ocrx_word' id='word_1_77' title='bbox 529 1301 582 1355; x_wconf 90' lang='lat' dir='ltr'><strong>quo</strong></span> <span class='ocrx_word' id='word_1_78' title='bbox 592 1291 658 1336; x_wconf 83' lang='lat' dir='ltr'><strong>vota</strong></span> <span class='ocrx_word' id='word_1_79' title='bbox 668 1282 826 1336; x_wconf 83' lang='lat' dir='ltr'><strong>ceciderunt</strong></span> <span class='ocrx_word' id='word_1_80' title='bbox 837 1284 918 1338; x_wconf 73' lang='lat' dir='ltr'><strong>meai</strong></span> 
     </span>
     <span class='ocr_line' id='line_1_16' title="bbox 213 1354 832 1425; baseline -0.011 -13"><span class='ocrx_word' id='word_1_81' title='bbox 213 1362 263 1413; x_wconf 82' lang='grc'><strong>635</strong></span> <span class='ocrx_word' id='word_1_82' title='bbox 277 1361 336 1422; x_wconf 75' lang='lat' dir='ltr'><strong>Quo</strong></span> <span class='ocrx_word' id='word_1_83' title='bbox 348 1365 376 1410; x_wconf 91' lang='lat' dir='ltr'><strong>te</strong></span> <span class='ocrx_word' id='word_1_84' title='bbox 389 1357 466 1408; x_wconf 83' lang='lat' dir='ltr'><strong>furor</strong></span> <span class='ocrx_word' id='word_1_85' title='bbox 476 1357 603 1425; x_wconf 83' lang='lat' dir='ltr'><strong>provexit</strong></span> <span class='ocrx_word' id='word_1_86' title='bbox 612 1354 760 1406; x_wconf 83' lang='lat' dir='ltr'><strong>attonitum</strong></span> <span class='ocrx_word' id='word_1_87' title='bbox 769 1359 832 1405; x_wconf 89' lang='lat' dir='ltr'><strong>tuus</strong></span> 
     </span>
     <span class='ocr_line' id='line_1_17' title="bbox 274 1423 793 1491; baseline -0.012 -12"><span class='ocrx_word' id='word_1_88' title='bbox 274 1431 310 1481; x_wconf 76' lang='lat' dir='ltr'><strong>Et</strong></span> <span class='ocrx_word' id='word_1_89' title='bbox 320 1427 391 1491; x_wconf 83' lang='lat' dir='ltr'><strong>fata,</strong></span> <span class='ocrx_word' id='word_1_90' title='bbox 401 1432 479 1490; x_wconf 87' lang='lat' dir='ltr'><strong>nate,</strong></span> <span class='ocrx_word' id='word_1_91' title='bbox 491 1426 572 1478; x_wconf 82' lang='lat' dir='ltr'><strong>cedat</strong></span> <span class='ocrx_word' id='word_1_92' title='bbox 580 1430 613 1476; x_wconf 91' lang='lat' dir='ltr'><strong>ut</strong></span> <span class='ocrx_word' id='word_1_93' title='bbox 622 1427 705 1475; x_wconf 87' lang='lat' dir='ltr'><strong>tantis</strong></span> <span class='ocrx_word' id='word_1_94' title='bbox 716 1423 793 1474; x_wconf 88' lang='lat' dir='ltr'><strong>malis</strong></span> 
     </span>
     <span class='ocr_line' id='line_1_18' title="bbox 275 1491 870 1565; baseline -0.015 -15"><span class='ocrx_word' id='word_1_95' title='bbox 275 1497 420 1550; x_wconf 84' lang='lat' dir='ltr'><strong>Genitriels</strong></span> <span class='ocrx_word' id='word_1_96' title='bbox 429 1497 484 1560; x_wconf 87' lang='lat' dir='ltr'><strong>ira,</strong></span> <span class='ocrx_word' id='word_1_97' title='bbox 496 1510 566 1565; x_wconf 88' lang='lat' dir='ltr'><strong>quae</strong></span> <span class='ocrx_word' id='word_1_98' title='bbox 576 1500 625 1546; x_wconf 87' lang='lat' dir='ltr'><strong>tuo</strong></span> <span class='ocrx_word' id='word_1_99' title='bbox 636 1495 740 1546; x_wconf 85' lang='lat' dir='ltr'><strong>seelera</strong></span> <span class='ocrx_word' id='word_1_100' title='bbox 751 1491 870 1543; x_wconf 74' lang='lat' dir='ltr'><strong>occiditi-</strong></span> 
     </span>
     <span class='ocr_line' id='line_1_19' title="bbox 274 1564 969 1636; baseline -0.01 -15"><span class='ocrx_word' id='word_1_101' title='bbox 274 1569 396 1631; x_wconf 89' lang='lat' dir='ltr'><strong>Utinam,</strong></span> <span class='ocrx_word' id='word_1_102' title='bbox 407 1572 551 1636; x_wconf 87' lang='lat' dir='ltr'><strong>antequam</strong></span> <span class='ocrx_word' id='word_1_103' title='bbox 564 1572 592 1619; x_wconf 85' lang='lat' dir='ltr'><strong>te</strong></span> <span class='ocrx_word' id='word_1_104' title='bbox 603 1564 744 1632; x_wconf 74' lang='lat' dir='ltr'><strong>parvulum</strong></span> <span class='ocrx_word' id='word_1_105' title='bbox 753 1565 781 1614; x_wconf 94' lang='lat' dir='ltr'><strong>in</strong></span> <span class='ocrx_word' id='word_1_106' title='bbox 792 1564 881 1615; x_wconf 86' lang='lat' dir='ltr'><strong>lucem</strong></span> <span class='ocrx_word' id='word_1_107' title='bbox 891 1564 969 1617; x_wconf 85' lang='lat' dir='ltr'><strong>edidi</strong></span> 
     </span>
     <span class='ocr_line' id='line_1_20' title="bbox 273 1632 879 1707; baseline -0.007 -18"><span class='ocrx_word' id='word_1_108' title='bbox 273 1638 399 1707; x_wconf 81' lang='lat' dir='ltr'><strong>Aluique,</strong></span> <span class='ocrx_word' id='word_1_109' title='bbox 410 1650 509 1689; x_wconf 82' lang='lat' dir='ltr'><strong>saevae</strong></span> <span class='ocrx_word' id='word_1_110' title='bbox 520 1643 616 1688; x_wconf 84' lang='lat' dir='ltr'><strong>nestra</strong></span> <span class='ocrx_word' id='word_1_111' title='bbox 626 1636 793 1687; x_wconf 78' lang='lat' dir='ltr'><strong>lacerassent</strong></span> <span class='ocrx_word' id='word_1_112' title='bbox 803 1632 879 1685; x_wconf 83' lang='lat' dir='ltr'><strong>ferae</strong></span> 
     </span>
     <span class='ocr_line' id='line_1_21' title="bbox 214 1704 998 1768; baseline -0.005 -8"><span class='ocrx_word' id='word_1_113' title='bbox 214 1709 265 1761; x_wconf 78' lang='lat' dir='ltr'><strong>ere</strong></span> <span class='ocrx_word' id='word_1_114' title='bbox 275 1704 402 1760; x_wconf 85' lang='lat' dir='ltr'><strong>Visceral</strong></span> <span class='ocrx_word' id='word_1_115' title='bbox 415 1707 473 1759; x_wconf 84' lang='lat' dir='ltr'><strong>sine</strong></span> <span class='ocrx_word' id='word_1_116' title='bbox 483 1706 538 1758; x_wconf 89' lang='lat' dir='ltr'><strong>ullo</strong></span> <span class='ocrx_word' id='word_1_117' title='bbox 549 1706 669 1768; x_wconf 83' lang='lat' dir='ltr'><strong>scelere,</strong></span> <span class='ocrx_word' id='word_1_118' title='bbox 679 1705 738 1757; x_wconf 89' lang='lat' dir='ltr'><strong>sine</strong></span> <span class='ocrx_word' id='word_1_119' title='bbox 748 1719 843 1768; x_wconf 90' lang='lat' dir='ltr'><strong>sensu,</strong></span> <span class='ocrx_word' id='word_1_120' title='bbox 854 1706 998 1764; x_wconf 85' lang='lat' dir='ltr'><strong>innocens,</strong></span> 
     </span>
     <span class='ocr_line' id='line_1_22' title="bbox 273 1772 959 1843; baseline -0.009 -12"><span class='ocrx_word' id='word_1_121' title='bbox 273 1780 365 1841; x_wconf 86' lang='lat' dir='ltr'><strong>Meus,</strong></span> <span class='ocrx_word' id='word_1_122' title='bbox 378 1776 540 1841; x_wconf 62' lang='lat' dir='ltr'><strong>occidissem</strong></span> <span class='ocrx_word' id='word_1_123' title='bbox 551 1778 661 1827; x_wconf 84' lang='lat' dir='ltr'><strong>iunctus</strong></span> <span class='ocrx_word' id='word_1_124' title='bbox 672 1781 754 1843; x_wconf 83' lang='lat' dir='ltr'><strong>atque</strong></span> <span class='ocrx_word' id='word_1_125' title='bbox 765 1772 881 1826; x_wconf 86' lang='lat' dir='ltr'><strong>haerens</strong></span> <span class='ocrx_word' id='word_1_126' title='bbox 892 1772 959 1825; x_wconf 88' lang='lat' dir='ltr'><strong>mihi</strong></span> 
     </span>
     <span class='ocr_line' id='line_1_23' title="bbox 272 1842 895 1916; baseline -0.008 -17"><span class='ocrx_word' id='word_1_127' title='bbox 272 1847 386 1915; x_wconf 81' lang='lat' dir='ltr'><strong>Semper</strong></span> <span class='ocrx_word' id='word_1_128' title='bbox 395 1848 514 1916; x_wconf 88' lang='lat' dir='ltr'><strong>quietam</strong></span> <span class='ocrx_word' id='word_1_129' title='bbox 525 1861 651 1898; x_wconf 81' lang='lat' dir='ltr'><strong>cerneres</strong></span> <span class='ocrx_word' id='word_1_130' title='bbox 662 1844 756 1897; x_wconf 82' lang='lat' dir='ltr'><strong>sedem</strong></span> <span class='ocrx_word' id='word_1_131' title='bbox 765 1842 895 1907; x_wconf 84' lang='lat' dir='ltr'><strong>lnlerum,</strong></span> 
     </span>
     <span class='ocr_line' id='line_1_24' title="bbox 273 1914 908 1985; baseline -0.008 -16"><span class='ocrx_word' id='word_1_132' title='bbox 273 1918 409 1980; x_wconf 87' lang='lat' dir='ltr'><strong>Proavos,</strong></span> <span class='ocrx_word' id='word_1_133' title='bbox 421 1922 595 1985; x_wconf 85' lang='lat' dir='ltr'><strong>patremque,</strong></span> <span class='ocrx_word' id='word_1_134' title='bbox 606 1916 722 1967; x_wconf 80' lang='lat' dir='ltr'><strong>nonunis</strong></span> <span class='ocrx_word' id='word_1_135' title='bbox 732 1914 823 1983; x_wconf 82' lang='lat' dir='ltr'><strong>magni</strong></span> <span class='ocrx_word' id='word_1_136' title='bbox 833 1915 908 1965; x_wconf 78' lang='lat' dir='ltr'><strong>vires</strong></span> 
     </span>
    </p>
   </div>
   <div class='ocr_carea' id='block_1_3' title="bbox 211 1977 1047 2264">
    <p class='ocr_par' dir='ltr' id='par_1_3' title="bbox 211 1977 1047 2334">
     <span class='ocr_line' id='line_1_25' title="bbox 280 1977 1047 2053; baseline -0.007 -15"><span class='ocrx_word' id='word_1_137' title='bbox 280 1989 355 2049; x_wconf 75' lang='lat' dir='ltr'><strong>Quos</strong></span> <span class='ocrx_word' id='word_1_138' title='bbox 365 2001 436 2037; x_wconf 89' lang='lat' dir='ltr'><strong>nune</strong></span> <span class='ocrx_word' id='word_1_139' title='bbox 446 1987 535 2053; x_wconf 84' lang='lat' dir='ltr'><strong>pudor</strong></span> <span class='ocrx_word' id='word_1_140' title='bbox 545 1986 689 2053; x_wconf 84' lang='lat' dir='ltr'><strong>luctusque</strong></span> <span class='ocrx_word' id='word_1_141' title='bbox 698 1990 847 2053; x_wconf 88' lang='lat' dir='ltr'><strong>perpetuus</strong></span> <span class='ocrx_word' id='word_1_142' title='bbox 860 1991 954 2037; x_wconf 89' lang='lat' dir='ltr'><strong>manet</strong></span> <span class='ocrx_word' id='word_1_143' title='bbox 1046 1977 1047 1994; x_wconf 64' lang='lat'>¹</span> 
     </span>
     <span class='ocr_line' id='line_1_26' title="bbox 211 2052 1047 2124; baseline -0.006 -16"><span class='ocrx_word' id='word_1_144' title='bbox 211 2057 261 2108; x_wconf 79' lang='lat'><strong>645</strong></span> <span class='ocrx_word' id='word_1_145' title='bbox 274 2059 316 2109; x_wconf 79' lang='lat' dir='ltr'><strong>Ex</strong></span> <span class='ocrx_word' id='word_1_146' title='bbox 325 2062 367 2118; x_wconf 91' lang='lat' dir='ltr'><strong>te,</strong></span> <span class='ocrx_word' id='word_1_147' title='bbox 379 2056 509 2118; x_wconf 82' lang='lat' dir='ltr'><strong>nefande,</strong></span> <span class='ocrx_word' id='word_1_148' title='bbox 521 2071 632 2124; x_wconf 90' lang='lat' dir='ltr'><strong>meque,</strong></span> <span class='ocrx_word' id='word_1_149' title='bbox 644 2070 714 2123; x_wconf 88' lang='lat' dir='ltr'><strong>quae</strong></span> <span class='ocrx_word' id='word_1_150' title='bbox 723 2052 807 2105; x_wconf 85' lang='lat' dir='ltr'><strong>telem</strong></span> <span class='ocrx_word' id='word_1_151' title='bbox 816 2053 874 2104; x_wconf 87' lang='lat' dir='ltr'><strong>tuli.</strong></span> <span class='ocrx_word' id='word_1_152' title='bbox 1046 2083 1047 2088; x_wconf 22' lang='grc' dir='ltr'><strong>κ</strong></span> 
     </span>
     <span class='ocr_line' id='line_1_27' title="bbox 271 2124 1047 2194; baseline -0.005 -17"><span class='ocrx_word' id='word_1_153' title='bbox 271 2126 342 2189; x_wconf 74' lang='lat' dir='ltr'><strong>Quid</strong></span> <span class='ocrx_word' id='word_1_154' title='bbox 353 2133 447 2194; x_wconf 85' lang='lat' dir='ltr'><strong>tegere</strong></span> <span class='ocrx_word' id='word_1_155' title='bbox 459 2141 537 2177; x_wconf 88' lang='lat' dir='ltr'><strong>cesso</strong></span> <span class='ocrx_word' id='word_1_156' title='bbox 550 2128 670 2177; x_wconf 85' lang='lat' dir='ltr'><strong>Tartaro</strong></span> <span class='ocrx_word' id='word_1_157' title='bbox 681 2124 771 2175; x_wconf 79' lang='lat' dir='ltr'><strong>multus</strong></span> <span class='ocrx_word' id='word_1_158' title='bbox 782 2138 867 2187; x_wconf 87' lang='lat' dir='ltr'><strong>meus,</strong></span> <span class='ocrx_word' id='word_1_159' title='bbox 1046 2129 1047 2144; x_wconf 66' lang='lat'>¹</span> 
     </span>
     <span class='ocr_line' id='line_1_28' title="bbox 271 2191 835 2264; baseline -0.006 -17"><span class='ocrx_word' id='word_1_160' title='bbox 271 2196 410 2255; x_wconf 83' lang='lat' dir='ltr'><strong>Noverea,</strong></span> <span class='ocrx_word' id='word_1_161' title='bbox 422 2196 534 2259; x_wconf 84' lang='lat' dir='ltr'><strong>coniux,</strong></span> <span class='ocrx_word' id='word_1_162' title='bbox 546 2202 635 2247; x_wconf 75' lang='lat' dir='ltr'><strong>mater</strong></span> <span class='ocrx_word' id='word_1_163' title='bbox 643 2193 739 2264; x_wconf 76' lang='lat' dir='ltr'><strong>infelix</strong></span> <span class='ocrx_word' id='word_1_164' title='bbox 749 2191 835 2244; x_wconf 67' lang='lat' dir='ltr'><strong>meisi</strong></span> 
     </span>
    </p>
   </div>
   <div class='ocr_carea' id='block_1_4' title="bbox 399 2368 833 2429">
    <p class='ocr_par' dir='ltr' id='par_1_4' title="bbox 399 2368 833 2429">
     <span class='ocr_line' id='line_1_29' title="bbox 399 2368 833 2429; baseline -0.007 -13"><span class='ocrx_word' id='word_1_165' title='bbox 399 2371 620 2429; x_wconf 75' lang='lat' dir='ltr'><strong>ecrsvrn,</strong></span> <span class='ocrx_word' id='word_1_166' title='bbox 643 2368 833 2417; x_wconf 73' lang='lat' dir='ltr'><strong>suenus.</strong></span> 
     </span>
    </p>
   </div>
   <div class='ocr_carea' id='block_1_5' title="bbox 212 2469 1012 2581">
    <p class='ocr_par' dir='ltr' id='par_1_5' title="bbox 212 2469 1012 2581">
     <span class='ocr_line' id='line_1_30' title="bbox 250 2469 1012 2527; baseline 0 -11"><span class='ocrx_word' id='word_1_167' title='bbox 250 2474 348 2517; x_wconf 79' lang='lat' dir='ltr'><strong>Octauia</strong></span> <span class='ocrx_word' id='word_1_168' title='bbox 358 2472 501 2515; x_wconf 67' lang='lat' dir='ltr'><strong>dnsmwlata</strong></span> <span class='ocrx_word' id='word_1_169' title='bbox 512 2469 737 2527; x_wconf 73' lang='lat' dir='ltr'><strong>nistitiesamtem</strong></span> <span class='ocrx_word' id='word_1_170' title='bbox 745 2469 911 2525; x_wconf 74' lang='lat' dir='ltr'><strong>sibipopulum</strong></span> <span class='ocrx_word' id='word_1_171' title='bbox 920 2480 983 2524; x_wconf 83' lang='lat' dir='ltr'><strong>erat,</strong></span> <span class='ocrx_word' id='word_1_172' title='bbox 990 2489 1012 2515; x_wconf 75' lang='lat' dir='ltr'><strong>ne</strong></span> 
     </span>
     <span class='ocr_line' id='line_1_31' title="bbox 212 2525 929 2581; baseline -0.006 -8"><span class='ocrx_word' id='word_1_173' title='bbox 212 2528 338 2573; x_wconf 74' lang='lat' dir='ltr'><strong>diuortium</strong></span> <span class='ocrx_word' id='word_1_174' title='bbox 346 2528 382 2571; x_wconf 76' lang='lat' dir='ltr'><strong>sui</strong></span> <span class='ocrx_word' id='word_1_175' title='bbox 392 2530 477 2581; x_wconf 66' lang='lat' dir='ltr'><strong>largent.</strong></span> <span class='ocrx_word' id='word_1_176' title='bbox 518 2526 603 2570; x_wconf 74' lang='lat' dir='ltr'><strong>Chorus</strong></span> <span class='ocrx_word' id='word_1_177' title='bbox 613 2533 690 2569; x_wconf 77' lang='lat' dir='ltr'><strong>tamea</strong></span> <span class='ocrx_word' id='word_1_178' title='bbox 699 2525 770 2581; x_wconf 70' lang='grc' dir='ltr'><strong>ι’ριίνε</strong></span> <span class='ocrx_word' id='word_1_179' title='bbox 779 2526 850 2568; x_wconf 77' lang='lat' dir='ltr'><strong>vicem</strong></span> <span class='ocrx_word' id='word_1_180' title='bbox 860 2527 929 2569; x_wconf 72' lang='lat' dir='ltr'><strong>uolet</strong></span> 
     </span>
    </p>
   </div>
   <div class='ocr_carea' id='block_1_6' title="bbox 212 2615 758 2885">
    <p class='ocr_par' dir='ltr' id='par_1_6' title="bbox 270 2615 758 2751">
     <span class='ocr_line' id='line_1_32' title="bbox 271 2615 758 2669; baseline 0.002 -2"><span class='ocrx_word' id='word_1_181' title='bbox 271 2632 288 2667; x_wconf 91' lang='lat' dir='ltr'><strong>e</strong></span> <span class='ocrx_word' id='word_1_182' title='bbox 295 2631 343 2667; x_wconf 83' lang='lat' dir='ltr'><strong>er.</strong></span> <span class='ocrx_word' id='word_1_183' title='bbox 354 2618 462 2669; x_wconf 83' lang='lat' dir='ltr'><strong>Parcite</strong></span> <span class='ocrx_word' id='word_1_184' title='bbox 473 2616 591 2669; x_wconf 83' lang='lat' dir='ltr'><strong>lacrimis</strong></span> <span class='ocrx_word' id='word_1_185' title='bbox 601 2617 676 2668; x_wconf 85' lang='lat' dir='ltr'><strong>urbis</strong></span> <span class='ocrx_word' id='word_1_186' title='bbox 686 2615 758 2669; x_wconf 79' lang='lat' dir='ltr'><strong>festo</strong></span> 
     </span>
     <span class='ocr_line' id='line_1_33' title="bbox 270 2686 480 2751; baseline -0.005 -16"><span class='ocrx_word' id='word_1_187' title='bbox 270 2686 413 2751; x_wconf 80' lang='lat' dir='ltr'><strong>Lauteque</strong></span> <span class='ocrx_word' id='word_1_188' title='bbox 425 2686 480 2736; x_wconf 88' lang='lat' dir='ltr'><strong>die:</strong></span> 
     </span>
    </p>

    <p class='ocr_par' dir='ltr' id='par_1_7' title="bbox 212 2752 745 2885">
     <span class='ocr_line' id='line_1_34' title="bbox 212 2752 745 2820; baseline 0.011 -20"><span class='ocrx_word' id='word_1_189' title='bbox 212 2752 262 2801; x_wconf 77' lang='lat'><strong>650</strong></span> <span class='ocrx_word' id='word_1_190' title='bbox 273 2752 314 2802; x_wconf 91' lang='lat' dir='ltr'><strong>Ne</strong></span> <span class='ocrx_word' id='word_1_191' title='bbox 325 2758 416 2802; x_wconf 84' lang='lat' dir='ltr'><strong>tantus</strong></span> <span class='ocrx_word' id='word_1_192' title='bbox 428 2768 504 2804; x_wconf 85' lang='lat' dir='ltr'><strong>amor</strong></span> <span class='ocrx_word' id='word_1_193' title='bbox 514 2755 654 2820; x_wconf 79' lang='lat' dir='ltr'><strong>nostrique</strong></span> <span class='ocrx_word' id='word_1_194' title='bbox 663 2753 745 2807; x_wconf 80' lang='lat' dir='ltr'><strong>favor</strong></span> 
     </span>
     <span class='ocr_line' id='line_1_35' title="bbox 270 2820 687 2885; baseline 0.012 -17"><span class='ocrx_word' id='word_1_195' title='bbox 270 2820 402 2885; x_wconf 83' lang='lat' dir='ltr'><strong>Principis</strong></span> <span class='ocrx_word' id='word_1_196' title='bbox 414 2836 490 2871; x_wconf 85' lang='lat' dir='ltr'><strong>aeres</strong></span> <span class='ocrx_word' id='word_1_197' title='bbox 500 2823 614 2872; x_wconf 80' lang='lat' dir='ltr'><strong>suscitet</strong></span> <span class='ocrx_word' id='word_1_198' title='bbox 622 2825 687 2884; x_wconf 87' lang='lat' dir='ltr'><strong>iras,</strong></span> 
     </span>
    </p>
   </div>
   <div class='ocr_carea' id='block_1_7' title="bbox 0 0 1091 3125">
    <p class='ocr_par' dir='ltr' id='par_1_8' title="bbox 0 0 1091 3125">
     <span class='ocr_line' id='line_1_36' title="bbox 0 0 1091 3125; baseline 0 0"><span class='ocrx_word' id='word_1_199' title='bbox 0 0 1091 3125; x_wconf 95' lang='lat' dir='ltr'><strong> </strong></span> 
     </span>
    </p>
   </div>
  </div>
 </body>
</html>
