2150 3125
114 2694 134 2810 l

210 269 261 318 134
389 267 420 317 L.
450 266 603 318 ANNABl
632 265 822 316 SENECAE

270 373 305 422 lit
315 376 343 421 te
354 383 497 422 coruscum
506 370 574 422 lueis
585 367 723 421 aetherise
732 369 818 431 iubar,

209 440 261 492 890
273 440 315 491 Ex
328 441 472 491 cuiusortu
483 445 578 492 nostra
587 439 725 506 dependet
734 438 840 501 demus,

269 510 388 561 Tentata
398 510 524 576 precibus
535 510 637 573 restiti3
647 507 722 559 ierro
733 523 766 560 ee
776 509 855 560 minu

269 578 331 629 Non
342 580 424 630 cessit
435 580 551 630 animus:
562 579 616 629 rim
626 584 716 628 tannen
728 592 827 644 eorpus
838 578 909 628 tulit.

271 648 376 699 Lebern
387 646 456 698 hane
467 647 579 715 pudoris
589 647 662 699 eluet
672 653 765 698 nuder
775 662 863 698 eruor.

271 732 339 768 run
347 731 370 768 s.
394 718 460 778 Quis
471 715 559 780 (edel)
571 718 657 767 nostri
667 716 774 767 decoris
784 731 894 767 eversor
907 714 973 765 fuiti

211 787 261 837 895
273 801 319 837 err.
340 787 426 847 Quem
437 802 497 838 rere
507 788 624 837 minime.
660 798 759 837 rrrss.
778 786 844 847 Quis
854 787 902 847 sit,
914 785 1009 836 audire

695 869 728 906 ex
749 860 803 906 eto.

273 939 323 975 err.
343 925 396 976 llic
407 924 479 975 dicet
490 926 575 985 ensis,
587 939 666 991 quem
675 871 793 974 tumlirltu
803 925 913 974 territus

271 995 364 1062 Liquit
374 999 525 1060 stuprator,
537 994 636 1044 civium
646 992 789 1044 adcursurn
798 994 905 1044 timens„

272 1078 340 1113 ‘rus
349 1078 371 1113 s.
391 1064 470 1125 Quod
480 1060 658 1125 lucinus‚lreu
668 1060 724 1113 mel
736 1059 834 1113 cerno!
852 1062 925 1129 quod
935 1075 1008 1112 mon-

595 1136 680 1181 strum
695 1130 805 1182 intuor!

273 1201 376 1268 Regale
387 1203 482 1268 patriis
494 1215 620 1268 asperum
631 1202 714 1268 signis
724 1199 804 1252 eburi

213 1271 264 1320 900
275 1270 377 1336 Capulo
389 1270 505 1337 refulget
515 1271 623 1338 generis
634 1272 727 1322 Actaei
739 1266 835 1320 decus!

273 1337 326 1389 Sed
336 1339 395 1405 ipse
407 1353 525 1406 quonam
537 1337 641 1390 erasit?
662 1350 713 1389 ru.
734 1340 771 1389 lli
782 1337 915 1403 trepidum
927 1336 993 1406 iuga

273 1407 373 1459 Videre
383 1407 477 1459 famuli
488 1410 624 1458 concitum
635 1409 715 1460 celeri
727 1408 803 1475 pede.

498 1556 726 1609 rausum.

211 1716 215 1725 Ι
264 1660 351 1715 Agnlto
362 1674 410 1704 eme
421 1663 523 1716 deceptus
530 1668 601 1717 puter
610 1668 631 1704 et
642 1659 777 1716 iratusfilio
788 1660 900 1705 immersu
911 1664 1007 1706 esitium

206 1724 355 1772 nnprecatur.

270 1807 343 1859 Proh
354 1815 450 1860 saneta
461 1807 562 1873 pietasl
584 1806 653 1875 proh
664 1808 831 1875 gubernator
841 1808 905 1875 poli,

269 1880 305 1929 Et
315 1880 360 1945 qui
371 1877 517 1929 seeundum
528 1876 655 1929 fluetibus
665 1893 695 1928 re
733 1893 779 1928 um
790 1892 890 1939 moves,

210 1946 259 1997 905
271 1948 347 1999 Unde
356 1948 410 1999 ists
420 1948 493 1999 venit
504 1947 611 2015 generis
620 1946 694 1998 inian
714 1946 807 1999 iluest

269 2018 351 2067 Hune
362 2016 445 2069 Graiu
454 2016 533 2068 tellus
545 2016 624 2080 aluit,
635 2033 669 2068 sn
679 2017 787 2067 Taurus
800 2014 925 2082 Scythes,

270 2084 419 2139 Colchusre
430 2084 543 2138 Plrssisl
564 2086 645 2137 Redit
656 2086 690 2138 ed
700 2093 828 2138 suctores
837 2101 932 2153 genus,

270 2154 442 2223 stirpemque
452 2156 567 2221 primam
577 2156 695 2224 degener
706 2157 814 2224 sanguis
824 2154 917 2207 refert.

270 2226 321 2275 list
329 2226 381 2276 iste
393 2240 503 2290 prorsus
513 2225 602 2292 gentis
613 2224 756 2277 anniferae
766 2224 853 2288 iuror,

210 2296 260 2343 ‘llll
272 2294 368 2345 Odisse
380 2294 495 2346 Veneris
505 2292 634 2356 foedera,
645 2299 674 2345 et
685 2301 788 2345 eastum
800 2294 845 2345 diu

270 2363 389 2431 Vulgare
400 2363 506 2430 populis
516 2378 624 2429 eorpus.
661 2364 686 2415 0
697 2369 796 2416 tetrum
806 2379 900 2432 genus,

270 2432 402 2500 Nullaque
412 2434 513 2483 rictum
524 2432 584 2500 lege
594 2432 713 2485 melioris
723 2431 785 2485 soli!

270 2504 357 2554 Ferae
368 2517 475 2570 qnoque
484 2503 562 2569 ipsae
571 2504 675 2553 teneris
686 2505 788 2554 evitant
799 2501 884 2564 netes,

271 2571 436 2638 Generisque
448 2571 523 2639 leges
531 2573 633 2623 inscius
644 2578 735 2623 servet
745 2571 840 2638 pudor.

210 2640 260 2692 915
270 2640 322 2691 Ubi
332 2640 423 2690 uultus
430 2639 474 2693 ille
485 2647 513 2692 et
523 2642 589 2691 fiete
599 2642 726 2694 maiestas
736 2642 795 2703 riri,

268 2711 354 2776 Atque
365 2707 473 2760 hellinus
483 2707 606 2773 horrens,
614 2712 853 2777 prisesetantique
864 2710 996 2776 adpetens

269 2778 429 2845 Merumque
440 2779 544 2829 senium
554 2780 647 2841 triste,
658 2787 686 2830 et
696 2779 819 2831 adlectus
830 2777 945 2846 gravosi
