2150 3125
293 190 499 243 Thohnfls.
535 192 623 241 lcl‘.
644 191 691 241 lll.
846 194 896 245 illd

94 294 154 348 Nec
165 293 248 346 ccede
260 294 345 345 multa
355 295 602 362 qualisinlluneos
613 294 705 347 furens
843 298 895 347 450

94 364 170 417 Vera
181 378 215 416 ex
225 360 328 415 Achille
338 365 427 430 spolia
437 365 563 417 simulato
574 364 644 428 tulit,

95 433 121 485 N
123 449 157 485 ou
167 433 227 496 ille,
238 432 329 483 vultus
342 432 494 486 flammeum
505 435 648 487 intendens
659 435 750 500 iubur3

95 501 151 556 Sed
161 502 251 553 fessus
262 518 295 553 ac
306 502 429 555 deiectus
440 509 468 556 ct
480 503 545 556 fletu
557 506 656 573 gravis,

95 572 248 641 similisque
258 578 367 635 nosue,
377 573 500 642 squalida
510 575 635 627 obtectus
646 590 733 627 cums.

96 644 175 693 luvet
187 647 279 693 tamen
288 642 399 695 vidisse.
411 645 484 693 Tum
493 659 624 712 qumans
637 651 727 712 caput,
845 647 897 697 455

97 711 236 780 „llispelle
247 716 392 775 somnos,“
402 714 503 781 inquit,
515 718 564 776 „et
574 720 685 782 gnatum
697 717 780 783 eripe,

97 783 120 832 0
133 782 188 832 lida
198 779 311 833 coniuxl
332 782 446 833 Luteut:
457 781 525 833 haec
537 799 593 834 unu
602 789 644 834 est
654 784 735 835 sulus.

97 852 199 903 Omitte
210 850 299 902 fletus.
336 851 422 903 Troia
450 852 505 903 uod
517 852 630 914 cecidit,
642 852 745 922 gemis!

97 922 204 972 lltincm
214 923 319 972 iaceret
329 919 402 972 total
446 920 546 973 estiuel
568 936 663 973 umore

97 994 267 1057 Quocunque
277 996 388 1042 nocuae
399 990 538 1059 parvulam
549 992 661 1058 stirpem
673 991 768 1045 domuc
775 992 800 1043 !“
845 993 897 1045 400

97 1058 163 1111 Mihi
174 1059 279 1127 gelidus
290 1057 390 1111 horror
401 1075 434 1111 ec
443 1066 548 1111 hemor
558 1076 681 1112 somnum
694 1064 809 1130 expulit:

98 1129 253 1197 Oculosque
264 1128 397 1181 hunchuc
408 1130 520 1197 pavida,
531 1145 603 1181 nune
610 1130 674 1181 illuc
684 1129 783 1196 ferens,

98 1200 190 1250 Oblitu
201 1200 272 1261 neti,
283 1200 383 1251 nlicere
394 1200 516 1267 quaesivi
529 1200 687 1251 Hectorem.

97 1268 193 1320 Fallax
203 1282 253 1335 per
260 1270 336 1336 ipsus
347 1268 443 1320 umbra
454 1269 611 1336 complexus
622 1269 686 1321 ubit

98 1338 329 1406 Ognate,mugni
340 1344 416 1389 certa
427 1340 571 1406 progenies
582 1340 680 1406 petrin
846 1338 897 1390 405

97 1408 167 1475 Spes
177 1423 232 1460 une
241 1405 410 1476 Phrygibus,
421 1409 501 1459 unice
513 1407 639 1459 adflictae
651 1409 758 1469 domus,
825 1413 829 1425 '

100 1480 260 1546 veterisque
270 1478 379 1530 soboles
389 1478 527 1545 sanguinis
537 1478 647 1529 nimium
657 1478 752 1541 incliti,

98 1548 268 1617 Nimiumque
279 1549 352 1616 petri
362 1548 457 1600 similis
467 1544 530 1612 (hos
540 1548 630 1600 vultus
642 1564 717 1601 meus

99 1619 227 1670 ilabebat
236 1618 354 1681 Rectum
363 1617 426 1670 tulis
435 1620 544 1672 incessu
554 1616 615 1682 luit,

99 1689 257 1756 Habituque
268 1688 344 1751 teliu
356 1689 396 1739 sic
406 1688 470 1740 tulit
478 1687 567 1740 furtes
577 1703 681 1750 munus,
848 1688 898 1737 4¹10

98 1757 144 1810 Sic
154 1758 243 1810 celsus
254 1755 387 1820 humeris,
397 1757 488 1810 fronte
498 1759 538 1810 sic
549 1765 629 1809 torru
639 1759 738 1821 nunu,

99 1828 210 1880 Cer-rice
221 1826 309 1879 lusum
320 1827 453 1894 dissipem
463 1829 539 1879 iectu
549 1831 676 1891 comem),

99 1899 122 1950 0
134 1904 230 1968 gnate,
244 1912 306 1949 sero
317 1895 472 1966 Phrygibus
483 1902 512 1950 et
522 1898 616 1959 matri,
628 1897 683 1948 citu

98 1969 194 2020 Eritne
203 1973 311 2035 tempus
321 1967 387 2018 illud
398 1983 431 2020 ec
440 1967 506 2019 lelix
516 1967 583 2030 dies,

99 2041 174 2101 Quo,
186 2037 281 2090 'l'roici
291 2036 420 2089 defensor
429 2043 458 2089 et
467 2038 566 2088 vindex
578 2038 637 2100 soli,
848 2035 898 2086 475

98 2107 229 2159 Recidivc
240 2122 325 2174 pones
336 2107 484 2176 Pergama,
495 2113 524 2158 et
534 2122 645 2174 sparsos
656 2105 722 2173 luge

100 2179 179 2230 cives
188 2177 318 2241 reduces,
330 2191 427 2228 nomen
440 2183 469 2229 et
477 2177 584 2244 patrius
595 2190 673 2226 suum

99 2245 308 2316 Phrygibusque
319 2245 435 2298 reddusl
454 2245 509 2298 Sed
519 2247 573 2297 mci
584 2246 633 2297 fati
644 2258 748 2297 mensor

100 2317 171 2368 Tum
181 2332 280 2385 mugns
288 2318 372 2368 timeo
382 2322 455 2368 vota.
485 2317 565 2378 Quod
576 2316 662 2382 captis
674 2319 779 2376 retest,

99 2387 237 2440 Vivamus.
266 2387 327 2437 lleu
337 2402 394 2449 me,
406 2387 451 2454 qui
462 2386 539 2437 locus
550 2385 620 2436 lidus
631 2399 691 2435 mco
849 2384 900 2432 480

99 2457 160 2510 mit
168 2456 274 2518 timori,
286 2472 373 2524 queve
382 2462 411 2507 te
422 2455 487 2507 sede
499 2453 638 2506 occulsml

101 2527 155 2578 hrx
164 2525 212 2578 illu
222 2525 324 2593 pollens
335 2525 432 2593 opibus
443 2531 472 2576 et
480 2525 563 2576 muris
575 2524 664 2586 deum,

102 2595 205 2649 Gentes
217 2610 265 2662 per
275 2611 369 2646 omnes
381 2596 455 2647 clara
464 2601 492 2646 et
500 2594 617 2644 invidiae
628 2593 727 2660 gravis,

100 2664 180 2718 Nunc
192 2664 278 2732 pulvis
288 2666 373 2725 ultus;
385 2671 472 2715 strate
483 2669 545 2714 sunt
556 2663 665 2714 flamma
677 2664 775 2723 omnia,

99 2733 284 2804 Superestque
294 2741 373 2786 vasta
383 2750 417 2786 ex
428 2734 495 2785 urbe
507 2749 541 2784 ne
552 2739 656 2784 tuntum
669 2732 785 2798 quidem,
849 2730 900 2779 405
