2150 3125
250 248 536 301 'Pfloorirssffl
557 252 683 307 scm
846 256 877 309 01

1 340 2 387 1
75 352 185 404 Ethoc
195 354 281 421 magis
292 358 334 416 te,
345 354 467 421 genitor,
475 355 611 408 insontem
620 373 699 421 vocs,

85 423 166 484 Quod
176 424 305 473 innocens
317 437 346 473 es
357 422 399 474 dis
429 426 626 492 uoqneinvitis.
663 428 795 493 Quidest,
830 431 880 481 200

84 492 167 553 Quod
176 500 203 543 te
214 490 347 554 efferarit,
360 440 432 560 quo}
442 508 526 545 novos
537 496 680 548 suhssxerit

84 562 213 613 Stimulos
224 559 328 612 dolorii
347 561 411 628 quiri
419 568 447 613 te
457 564 484 613 in
495 562 616 615 interne·
627 568 684 635 egit

84 630 188 682 Sedes!
208 630 317 699 quidex
328 628 369 681 his
381 629 472 697 pelliti
495 633 531 685 Ut
542 649 637 686 cerens
648 636 707 689 diet
730 667 762 677 -

84 702 176 751 Ceres.
194 728 226 738 -
247 700 283 751 Ut
295 698 355 751 uitis
366 700 484 752 nobilem
495 704 577 753 muris
588 704 697 756 donnum

84 767 375 838 Petrinmquefugn'esi
396 798 428 808 -
447 770 542 823 Patria
551 772 601 823 tibi
610 774 672 825 vivo
682 778 759 843 perit.
788 806 813 814 -
834 780 883 828 210

87 840 193 891 Gnatos
202 838 288 906 fugis,
298 838 482 907 matremquei
499 868 531 879 —
544 840 583 891 Ab
594 850 707 909 aspectu
719 848 835 897 omniunt

86 910 209 961 Fortuna
218 914 246 959 te
256 908 405 973 submonit3
416 916 444 961 et
454 910 585 978 quidquid
595 919 689 980 potest

85 977 198 1029 Auferre
210 978 336 1045 cuiquam
346 994 431 1041 mors,
443 978 492 1029 tibi
502 977 556 1030 hoc
566 982 622 1032 vite
632 981 756 1049 abstulit3

85 1048 172 1114 Regni
182 1046 327 1109 tumultus,
337 1047 418 1101 turbu
428 1048 554 1100 fortunae
566 1052 641 1117 prior

86 1116 225 1167 Abscessit
236 1132 252 1166 n
262 1122 290 1166 te
301 1117 383 1167 iussa.
421 1118 519 1181 Quem,
531 1121 652 1186 genitor,
663 1119 752 1190 fugisi
835 1125 884 1173 215

86 1199 154 1235 orco
163 1200 204 1236 rr.
224 1184 270 1235 Me
281 1184 371 1253 fugio;
389 1184 464 1254 fugio
476 1190 614 1241 conscium
625 1191 756 1243 scelerum
768 1195 887 1244 omniunt

84 1256 201 1317 Pectus3
211 1270 372 1323 manumque
382 1253 452 1306 hunc
461 1256 537 1325 fugio
549 1263 578 1308 ct
587 1256 640 1311 hoc
651 1260 756 1313 coelum
768 1267 795 1312 ct
805 1262 887 1327 deos3

84 1326 122 1377 Et
132 1324 192 1375 diro
202 1322 277 1392 fugio
290 1324 406 1385 scelera,
418 1341 487 1393 quae
497 1326 551 1377 feci
562 1328 700 1381 innocens.

84 1395 146 1461 Ego
158 1391 211 1444 hoc
221 1392 322 1456 solum,
334 1392 466 1463 snrgifera
476 1412 529 1463 quo
541 1399 629 1465 surgit
640 1400 731 1463 Ceres,

84 1461 203 1515 Premoi
223 1461 272 1513 lias
283 1478 334 1531 ego
347 1479 428 1514 ouras
440 1479 487 1516 ore
498 1464 629 1532 pestifero
640 1467 738 1519 traho!
835 1472 886 1519 220

84 1534 145 1601 Ego
158 1532 247 1584 laticis
257 1530 354 1585 haustu
366 1534 464 1598 satior,
476 1541 523 1586 eut
531 1535 585 1588 ulio
598 1536 675 1589 fruor

84 1603 178 1653 Minae
188 1603 308 1670 parentis
318 1602 444 1654 muneret
466 1621 517 1674 ego
529 1612 633 1657 eastern
644 1623 760 1672 manum,

85 1671 240 1734 Nefandus,
250 1673 429 1736 incestificus,
440 1675 609 1740 execrabilis,

84 1739 227 1793 Attrectoi
244 1757 295 1809 ego
306 1742 374 1793 ulios
386 1758 451 1794 aure
463 1745 588 1810 concipio
599 1761 690 1810 sonos,

85 1812 140 1863 Per
151 1826 219 1878 quos
231 1813 349 1877 parentis
360 1827 458 1863 nomen
469 1819 518 1866 eut
527 1816 584 1864 nati
597 1815 704 1866 audiero
834 1823 885 1868 220

84 1881 195 1933 Utinonr
203 1881 309 1948 quidem
320 1882 473 1933 rescindere
484 1880 534 1933 hes
546 1885 649 1950 quirem
659 1887 726 1946 vies,

84 1950 267 2017 Menibosque
279 1950 383 2002 adactis
395 1965 487 2013 omne,
499 1967 553 2019 que
562 1969 644 2005 voces
655 1961 755 2018 meent,

87 2021 235 2087 Aditusque
244 2020 333 2070 verbis
343 2023 452 2072 tramite
464 2028 580 2090 angusto
592 2028 676 2089 petet,

85 2091 191 2140 Ernere
202 2104 324 2155 possem,
335 2089 430 2156 gnata!
451 2092 506 2141 iarn
517 2105 625 2143 sensum
636 2096 685 2155 tui,

87 2160 165 2223 Quae
176 2174 240 2225 pers
250 2173 372 2209 meorum
382 2175 411 2210 es
422 2161 576 2224 criminum,
586 2161 680 2212 infelix
692 2168 770 2228 peter·
835 2162 885 2212 230

84 2229 237 2296 Fugissenr.
272 2226 401 2280 Inhaeret
411 2244 443 2279 ac
454 2231 623 2281 recrudescit
632 2230 709 2282 nefas

87 2297 220 2360 Subinde3
231 2303 260 2348 et
271 2313 350 2349 cures
361 2299 501 2365 ingerunt,
516 2300 644 2367 quidquid
656 2298 720 2350 mihi

85 2367 307 2418 Donastisocuii.
344 2369 398 2418 Cur
408 2373 491 2432 caput
500 2368 619 2419 tenebris
662 2385 711 2420 ave

87 2437 146 2486 Non
159 2436 238 2487 rnitto
251 2437 284 2488 ad
294 2437 403 2487 umbras
414 2436 487 2487 Ditis
498 2442 638 2489 aeternus.
652 2437 714 2506 qnid
726 2437 768 2489 hic

87 2507 184 2557 Manes
194 2521 271 2557 neos
282 2505 408 2559 detineoi
419 2507 480 2574 quid
492 2513 593 2558 terram
604 2506 706 2576 gravei
836 2508 886 2558 235

88 2576 245 2643 Mixtusque
258 2573 368 2643 Superis
381 2575 459 2627 erro‘t
475 2576 538 2643 quid
551 2582 640 2628 restet
649 2575 729 2627 mciii

88 2645 225 2712 Regnum,
236 2651 376 2711 parentes.
387 2646 478 2708 liberi,
489 2648 575 2696 virtus
587 2662 703 2715 quoque,

89 2713 125 2764 Et
135 2715 227 2781 ingeni
239 2715 355 2764 sollertis
367 2715 493 2765 eximium
505 2714 587 2764 decus

90 2783 214 2833 Periere:
227 2787 325 2834 cuncte
335 2797 394 2832 sors
405 2779 470 2832 mihi
479 2781 581 2832 infesta
589 2783 708 2834 abstulit.
