2150 3125
264 246 538 302 AGAMEMNON.
574 249 660 298 ACT.
680 246 727 300 lv.
844 250 891 298 281

99 371 139 406 aa
146 370 196 405 au.
207 354 300 406 Credis
310 353 433 404 videreta
443 350 536 402 lliuml
549 364 587 401 ca
594 364 608 401 s
615 364 638 400 s.
654 352 690 401 Et
700 351 834 403 Priamum

600 442 602 451 ι
626 421 712 471 simul.
843 424 893 473 785

98 508 197 544 nanu.
210 493 264 543 llic
270 492 413 542 Troianun
425 497 474 541 est.
495 502 586 540 cass.
602 489 652 539 Ubi
669 490 775 542 Helena
785 497 834 552 est,

632 559 744 611 Troiam
754 566 829 627 puto.

71 635 75 644 ‘
98 646 137 681 nc
147 645 196 681 nu.
206 630 247 681 Ne
257 638 347 681 metue
359 629 492 679 dominam
504 627 604 677 famula
689 643 778 680 cass.
789 630 834 679 Li·

636 698 728 748 bertas
740 699 825 749 adest.

98 784 196 819 acan.
209 767 311 819 Secura
320 770 388 817 vive.
399 780 489 818 cass.
501 766 576 815 Mors
589 764 652 815 mihi
664 774 707 818 est
719 770 857 820 securitas.

99 855 115 888 a
123 854 140 888 u
147 852 198 888 nu.
209 837 317 888 Nullum
327 845 369 887 est
376 836 504 903 periclum
514 835 627 885 tibimet.
641 850 699 886 cns
708 851 730 886 s,
737 839 771 888 At
781 854 835 888 ma-

644 921 725 972 gnum
736 907 793 957 tibi.

99 990 198 1027 acan.
211 974 306 1026 Victor
315 977 410 1027 timere
427 973 490 1041 quid
504 972 612 1040 potest?
650 988 738 1025 casa.
757 977 837 1038 Quod

616 1058 669 1093 n0n
679 1046 764 1096 timet.
846 1047 897 1098 190

99 1128 200 1165 acan.
212 1114 291 1164 Hanc
302 1112 366 1175 lida,
378 1112 486 1174 famuli,
496 1112 590 1172 turba,
603 1111 664 1162 dum
677 1117 798 1165 excutiat
808 1117 896 1178 deum,

99 1184 238 1243 Reducis,
249 1199 283 1233 ne
294 1182 356 1250 quid
367 1183 503 1248 impotens
513 1186 611 1248 peccet
621 1181 707 1233 furor*

99 1255 134 1303 nt
143 1257 184 1313 te,
196 1258 287 1318 pater,
299 1254 344 1318 qui
355 1266 437 1302 saeva
446 1257 558 1316 torques
569 1247 681 1301 fulmina

101 1321 235 1388 Pellisque
246 1320 344 1383 nubes,
356 1320 446 1371 sidera
455 1325 483 1371 et
493 1325 581 1369 terras
592 1322 672 1388 regis,

101 1390 140 1440 lld
152 1406 231 1457 quem
242 1388 370 1456 triumphi
381 1390 468 1457 spolia
476 1390 595 1439 victores
607 1389 710 1441 ierunt:
848 1390 899 1441 ¹195

101 1461 139 1510 Et
148 1465 177 1511 te
188 1474 310 1511 sororem
321 1465 420 1510 cuncta
429 1458 555 1526 pollentis
566 1459 625 1523 viri,

102 1528 227 1597 Argolica
236 1529 318 1592 luno,
329 1544 428 1597 pecore
440 1528 531 1579 votivo
542 1527 628 1581 libens

103 1598 273 1667 Arabumque
285 1600 376 1662 donis,
387 1599 507 1665 supplice
517 1604 547 1649 et
555 1599 624 1651 libra
634 1601 729 1651 colam.

272 1752 435 1797 OHORUS
459 1752 730 1799 anawanum.

161 1885 246 1929 cnm
254 1885 395 1940 Argivorum
403 1884 505 1928 Hermla’s
510 1886 586 1928 lauda
596 1885 666 1935 canit,
677 1886 849 1928 metr-itascilicet
857 1889 900 1927 Ar·

104 1942 151 1997 gir.
163 1942 263 1998 miraque
271 1939 438 1997 sagittacfalc
448 1942 640 1996 posoedarsturad
647 1944 764 1984 necandum
772 1942 900 1986 Troiam-

105 1998 194 2041 cidium.

106 2092 191 2157 Argos
201 2089 335 2140 nobilibus
345 2090 435 2140 nobile
447 2090 558 2151 civibus,

104 2162 191 2226 Argus
200 2161 287 2210 iratae
297 2174 389 2209 carum
400 2174 543 2219 novercae,
853 2161 902 2210 8le

106 2227 220 2294 Semper
228 2229 352 2295 ingentes
362 2229 462 2278 educas
473 2228 608 2291 alumnos3

106 2298 240 2363 lmparem
252 2298 373 2364 aequasti
384 2312 525 2348 numerum
536 2297 648 2349 deorum
672 2341 705 2363 λ.
804 2338 809 2359 ,

106 2369 182 2417 'l'uus
192 2366 237 2418 ille
247 2368 354 2418 bisseno
364 2368 463 2418 meruit
472 2358 712 2430 labore-*wll
724 2349 760 2413 '71
774 2331 791 2394 3
805 2362 809 2394 ¹

105 2436 199 2504 Adlcgi
210 2436 286 2487 coelo
296 2451 409 2504 magnus
420 2436 535 2499 Alcides,

107 2507 155 2556 Cui
166 2505 226 2573 lege
237 2505 329 2556 mundi
340 2507 443 2573 Iupiter
452 2512 533 2572 rupta

107 2574 241 2625 Roscidae
254 2576 341 2626 noctis
351 2576 498 2642 geminavit
508 2573 599 2637 buras,

107 2644 242 2710 lussitquc
253 2643 393 2695 Phoebum

110 2714 227 2763 Tardius
239 2714 340 2764 celeres
352 2716 455 2781 agitare
466 2729 568 2775 currus,

111 2782 148 2833 Et
159 2787 219 2833 tuas
231 2783 303 2834 lente
312 2798 434 2834 remeare
444 2783 529 2851 bigas,
