2150 3125
200 247 252 302 828
384 248 417 298 h.
444 243 600 296 ANNAEl
632 241 823 294 SENECAE

110 371 113 378 ·
203 356 268 404 12111
278 352 411 404 Radiante
423 348 526 399 clarum
538 346 629 398 fronte
640 353 794 415 gestantem
804 349 905 415 caput!

278 422 330 472 llis
340 420 429 472 fracta
439 418 521 484 Calpe
533 417 657 468 manibus
668 418 758 468 emisit
767 417 885 468 lretuml

276 491 326 541 His
337 494 380 542 tot
390 489 478 550 ferae,
489 493 532 537 tot
542 486 660 548 seelera,
670 493 715 536 tot
723 501 803 554 reges
812 487 922 538 iacenti

280 561 330 610 llis
340 559 455 610 mundus
466 555 587 607 humeris
595 554 683 607 sedit!
703 553 869 608 haecmoles
878 561 1012 611 meaestt
1068 548 1069 565 ¹

281 629 391 680 llaecne
401 629 448 678 illa
458 624 567 678 cerrixl
587 623 637 676 has
647 641 700 693 ego
712 627 829 692 opposui
839 642 933 679 moras

201 700 268 752 1215
281 698 364 749 Coelo
375 694 481 749 menti!
518 696 560 746 uis
571 711 633 746 mea
644 702 737 772 custos
748 710 830 746 manu
846 705 918 766 Π,
928 708 934 743 ι
946 683 979 749 2
987 685 1038 770 ,ὶῆ

282 766 419 820 Trahetur
430 767 502 818 ultra
529 763 639 840 tyglosl
659 764 707 815 ubi
715 766 787 816 vires
799 766 873 831 prius

280 837 311 888 ln
322 851 366 888 me
376 835 512 903 sepultae!
533 834 605 895 Quid
616 839 722 900 patrem
734 835 842 902 adpello
852 837 969 888 lovem!

284 906 354 968 Quid
365 922 414 974 per
424 908 578 957 Tonantem
590 904 698 955 uindico
709 904 815 956 coelum
825 904 925 957 miseri

281 977 392 1027 lamiam
404 991 480 1027 meus
494 973 622 1025 credetur
631 971 812 1040 Amphitryon
824 981 913 1041 pater.

203 1047 270 1099 125⁰
284 1045 468 1113 Quaecunque
478 1045 564 1109 pestis
574 1045 679 1094 viscere
688 1045 716 1094 in
726 1050 822 1095 nostro
833 1045 913 1108 lates,

280 1114 417 1166 Procede:
431 1113 495 1184 quid
506 1127 550 1164 me
560 1112 670 1164 vulnere
680 1112 789 1165 occulto
800 1113 888 1180 petis!

283 1185 349 1247 Quis
359 1190 387 1236 ta
398 1183 448 1236 sub
459 1196 510 1235 axe
521 1181 622 1250 frigido
632 1187 733 1249 pontus
745 1181 873 1249 Scythes,

284 1255 360 1316 Quae
372 1255 449 1321 pigra
460 1251 568 1320 Tethyn
578 1253 682 1320 pouit,
693 1258 742 1303 aut
750 1254 877 1304 Maurum
883 1271 1014 1323 premens

283 1322 363 1376 lbera
376 1323 457 1390 Calpe
467 1321 561 1376 litmst
582 1321 605 1372 0
617 1321 705 1373 dirum
715 1322 825 1386 malum,

203 1397 271 1449 1255
283 1393 414 1445 Utrumne
425 1408 537 1461 serpens
549 1391 701 1460 squalidum
712 1393 795 1443 crista
806 1399 891 1461 caput

283 1462 413 1526 vibrans,
424 1479 459 1514 an
470 1461 580 1529 aliquod
591 1477 620 1513 es
629 1459 695 1512 mihi
705 1463 830 1529 ignotum
839 1463 962 1516 maluml

282 1531 419 1603 Numquid
431 1547 527 1586 cmora
539 1548 569 1585 es
578 1531 819 1600 genitaLcrnaeae
828 1531 915 1596 ferae,

284 1605 323 1654 lln
335 1610 362 1655 te
374 1604 483 1671 reliquit
493 1602 607 1672 Stygius
616 1602 644 1652 in
654 1603 737 1653 terris
748 1601 841 1655 canisi

284 1673 371 1726 Omne
382 1689 411 1725 es
422 1673 520 1725 malum
532 1671 696 1740 nullumque.
716 1672 783 1734 Quis
794 1672 885 1723 vultus
897 1672 948 1724 tibi
956 1673 1013 1726 estl

206 1747 273 1798 126⁰
285 1744 410 1796 Concede
421 1742 516 1796 saltem
528 1743 612 1802 scire,
623 1756 677 1810 quo
689 1757 798 1809 peream
808 1742 891 1793 malo.

286 1812 469 1881 Quaecunque
480 1813 579 1880 pestis,
589 1812 646 1863 sive
657 1826 834 1880 quaecunque
845 1828 875 1864 es
884 1811 962 1864 iera:

285 1882 379 1934 Palam
389 1884 507 1935 timeres.
527 1884 594 1945 Quis
604 1880 654 1932 tihi
664 1883 691 1931 in
702 1882 806 1933 medias
815 1882 906 1933 locum

286 1952 363 2004 Fecit
372 1951 521 2005 medullas?
544 1953 630 2011 Ecce,
642 1950 757 2017 derepta
768 1958 831 2003 cute

286 2022 401 2074 Viscera
410 2037 507 2073 manus
518 2022 636 2083 detexit3
649 2021 765 2073 ulterior
775 2028 867 2073 tamen

208 2096 274 2147 1265
286 2094 400 2144 inventa
408 2092 515 2144 latebra
526 2097 576 2145 est.
605 2091 628 2142 0
639 2091 739 2143 malurn
749 2092 836 2143 simile
845 2092 977 2144 Herculi!

285 2162 362 2215 Unde
373 2164 425 2214 iste
436 2160 532 2215 lletusl
553 2161 625 2212 unde
634 2162 661 2210 in
672 2158 722 2212 has
730 2160 860 2213 lacrimae
870 2162 978 2228 genas?

286 2232 405 2283 invictus
417 2231 480 2283 olim
490 2232 581 2283 vultus
591 2237 619 2282 et
630 2245 766 2299 nunquam
774 2231 852 2282 malis

286 2302 427 2354 Lacrimas
439 2302 494 2353 suis
505 2299 638 2368 praebere
649 2306 795 2352 consuetus
806 2300 929 2367 (pudetl)

286 2371 344 2422 lam
354 2370 419 2423 llere
432 2371 535 2423 didicit.
566 2371 632 2433 Quis
641 2370 700 2423 dies
710 2368 802 2422 fletum
815 2370 954 2433 Herculis,

209 2445 275 2494 1210
289 2445 365 2505 Quae
375 2447 450 2493 terra
459 2438 543 2492 viditt
564 2437 660 2493 Siccus
671 2456 813 2492 aerumnas
824 2440 881 2491 tull.

289 2512 351 2561 Tibi
361 2511 409 2562 illa
418 2512 518 2575 virtus,
530 2524 600 2578 quae
611 2516 654 2563 tot
664 2510 736 2561 elisit
745 2510 825 2572 atala,

289 2580 350 2630 Tibi
363 2582 445 2630 cessit
456 2578 515 2631 unii
535 2581 623 2646 primo
633 2585 662 2631 et
672 2586 735 2631 ante
746 2595 839 2631 omnes
850 2577 915 2629 mihi

289 2649 395 2699 Fletum
407 2647 554 2701 abstulisti!
576 2649 669 2700 durior
679 2663 746 2702 saxo
757 2648 868 2700 horrido

291 2718 328 2766 Et
339 2714 453 2783 chalybe
466 2717 557 2770 vultus
568 2723 599 2770 et
606 2733 678 2785 vaga
688 2715 873 2785 Symplegade

216 2785 281 2835 1215
293 2785 387 2836 Eletus
400 2801 475 2837 meos
485 2785 611 2855 infregit,
623 2795 652 2837 et
660 2786 800 2839 lacrimam
812 2788 928 2855 expulit!
