2150 3125
179 238 405 292 HERCULES
434 237 639 292 octium.
667 241 752 291 lcT.
771 241 817 294 lV.
852 241 901 293 m

99 343 223 412 Legatur
235 341 295 394 orel
313 343 425 396 brachia
436 343 561 410 amplexu
573 343 652 410 capel

98 413 150 466 Ubi
161 413 283 464 membra
293 411 373 463 eunti
393 413 438 463 ubi
449 413 508 476 ille,
519 427 589 480 quae
599 413 727 464 mundum
737 416 807 477 tulit,

99 481 362 551 Stelligeracervixi
383 483 688 550 quislibiexiguamtui
835 482 902 534 1345

98 553 210 604 Partem
221 549 346 620 reliquitl
363 565 464 602 nunc.
476 552 623 604 Herculem
634 558 742 618 spectas
753 553 869 620 quidem,

99 621 203 687 Mater3
214 621 263 673 sed
274 621 397 672 umbram
407 628 435 672 et
446 622 498 672 vile
509 622 601 673 nescio
612 621 674 689 quid
687 623 741 673 mei

99 691 236 759 Agnoscel
256 691 360 754 Mater,
374 706 423 742 ore
433 691 497 758 quid
508 689 597 742 flectis
607 696 683 742 retro

99 761 267 828 Vultumque
278 759 395 830 mergisl
415 761 562 813 Herculem
574 760 629 810 dici
637 767 714 812 tuum

99 831 212 883 Partum
229 829 383 882 erubesciei
420 845 519 882 Accu.
539 831 605 892 Quis
621 829 707 882 ierem
727 832 843 882 mundus

560 914 668 963 nevam,
834 901 902 952 ⁴350

101 971 178 1030 Quae
189 973 265 1019 terre
274 969 380 1036 genuit,
393 967 499 1036 quodve
511 975 567 1020 tem
579 969 666 1020 dirum
675 968 752 1020 nelee

100 1039 142 1090 De
152 1044 181 1089 te
190 1036 358 1105 triumphati
379 1038 505 1090 llerculis
516 1041 606 1090 victer
617 1040 677 1106 quie
687 1038 747 1090 esti

99 1121 170 1158 nnn
177 1122 202 1158 c.
213 1105 322 1174 Nuptae
332 1109 468 1160 iacentem
479 1110 570 1160 cernis
580 1108 691 1160 Alciden
701 1109 779 1159 dolis.

100 1192 143 1236 eu
151 1192 200 1227 cn.
213 1178 280 1239 Quis
291 1182 383 1228 tentus
395 1184 451 1240 est,
464 1180 508 1246 qui
518 1180 611 1228 vincat
619 1178 745 1241 Alciden,
756 1177 850 1229 delusi

100 1259 200 1297 uene.
212 1245 380 1316 Quicunque,
395 1254 492 1310 mater,
504 1247 819 1299 feminaeirateeeatest.
835 1247 902 1299 1355

100 1330 202 1367 nucu.
214 1317 251 1369 lit
260 1316 331 1368 unde
342 1318 370 1368 iu
381 1324 457 1369 artus
469 1318 553 1384 pestis
565 1323 612 1367 aut
624 1332 688 1368 osea
696 1315 807 1368 inciditi

99 1398 170 1436 rrrn
177 1400 202 1436 c.
213 1385 322 1437 Aditum
332 1389 442 1439 venenis
452 1387 525 1454 pelle
535 1384 659 1439 femineis
669 1386 753 1438 dedit

99 1470 194 1508 nucu.
206 1455 322 1507 Ubinam
330 1455 384 1507 ieta
395 1456 468 1524 palla
477 1453 535 1508 esti
557 1456 679 1508 membre
693 1456 796 1508 nudate
804 1457 844 1506 in·

624 1532 696 1578 tuor.

100 1608 201 1647 nunc.
213 1596 361 1647 Consumte
371 1610 477 1647 mecum
489 1602 538 1647 ert
557 1611 600 1649 er,
608 1611 657 1647 cu.
669 1597 795 1652 Tantum
804 1597 844 1647 in·

631 1673 715 1717 venta
725 1673 767 1718 est
778 1664 854 1717 lucei

99 1748 145 1785 nr
154 1747 202 1783 nc.
213 1733 237 1784 0
248 1737 350 1796 mater,
361 1731 477 1799 hydram
488 1741 516 1785 et
527 1734 599 1786 mille
612 1750 672 1785 curn
682 1736 790 1787 Lernae
805 1735 844 1786 le·

624 1819 669 1855 ree
835 1803 902 1855 136⁰

100 1874 200 1923 Errare
211 1870 307 1921 mediis
319 1870 399 1923 crede
412 1870 560 1923 visceribus
570 1874 647 1924 meis.

100 1944 177 2003 Quae
188 1946 266 1992 tante
276 1939 362 1992 nuber
371 1939 481 1993 flumme
491 1939 615 1993 sicaniae
624 1941 703 2004 bibit,

100 2012 178 2073 Quae
190 2010 309 2061 Lemnos
320 2008 432 2073 ardens,
444 2026 513 2078 quae
524 2010 605 2079 plega
615 2011 723 2078 igniferi
734 2012 799 2079 poli.

99 2080 205 2132 Vetans
216 2079 342 2148 flagranti
353 2095 463 2132 currere
472 2082 500 2131 in
511 2096 582 2133 zona
593 2079 680 2132 dieml

98 2152 130 2202 ln
138 2152 199 2216 ipsa
210 2166 252 2200 me
261 2151 378 2212 iactate,
389 2149 457 2217 proh
471 2152 600 2213 comites,
611 2149 690 2210 freta,
836 2150 902 2202 1365

99 2218 260 2287 Medlorque
271 2221 299 2269 in
311 2218 416 2271 omnes!
429 2249 460 2257 -
473 2222 525 2283 Qui
536 2225 581 2271 sat
591 2226 632 2271 est
644 2222 714 2269 lster
723 2217 805 2270 mihil

99 2288 161 2340 Non
172 2290 231 2356 ipse
241 2290 321 2343 terrie
331 2290 418 2340 maior
430 2290 556 2342 Oceanus
566 2305 642 2345 meos

99 2358 221 2427 Franget
231 2373 359 2427 vaporem
372 2360 458 2411 omnis
468 2361 496 2411 in
507 2360 608 2411 nostrie
619 2358 695 2409 malis

99 2428 218 2481 Deficiet
228 2427 339 2491 humor,
351 2430 437 2481 omnis
448 2435 556 2481 arescet
566 2430 647 2482 latex.

101 2498 290 2559 Quid,rector
300 2498 397 2562 Erebi,
409 2513 452 2551 me
463 2500 621 2549 remittebas
632 2495 706 2547 lorii
836 2495 902 2546 latu

99 2567 202 2618 Decuit
211 2574 314 2618 tenere.
342 2568 435 2620 Redde
446 2582 489 2619 me
501 2567 620 2619 tenebris
631 2563 698 2617 tuis!

100 2636 197 2689 Talem
209 2638 330 2687 subactis
342 2637 488 2689 Herculem
500 2636 613 2688 ostende
625 2634 734 2686 lnlerie:

101 2704 145 2757 Nil
153 2706 216 2758 inde
228 2707 340 2769 ducam3
351 2706 414 2773 quid
424 2708 503 2757 times
513 2709 611 2758 iterum
623 2702 786 2756 Herculemi

102 2776 215 2837 lnrade,
225 2776 317 2837 Mors,
328 2790 382 2826 non
394 2774 513 2841 trepide:
523 2777 577 2826 iem
590 2788 702 2842 possum
711 2773 788 2823 meri.
