2150 3125
177 248 227 298 tot
358 243 390 294 L.
418 241 575 294 ANNAEI
603 237 792 291 SENECAE

237 350 363 400 Oceanus
375 346 495 396 clausum
507 345 571 395 dum
583 341 710 394 fluctibus
721 342 823 392 ambiet
833 342 937 404 orbem,

236 419 369 483 Lunaque
381 415 506 466 dimissos
516 415 581 465 dum
592 413 672 480 plena
682 411 823 479 recolliget
832 412 918 478 ignes,

237 489 308 539 Dum
318 487 466 536 matutinos
477 484 617 552 praedicet
627 480 741 532 Lucifer
750 488 834 542 ortus,

177 559 228 608 505
239 558 352 624 Altaque
365 555 520 606 caeruleum
531 554 594 603 dum
606 550 697 602 Nerea
706 551 810 601 nesciet
819 551 931 601 Arctos:

239 625 359 677 Candida
368 623 482 674 formosi
493 621 683 674 venerabimur
695 635 745 671 ora
754 620 851 686 Lyaei.

473 766 681 782 m

346 926 520 993 ACTUS
563 920 812 986 neurius

369 1092 791 1150 onnrrus‚cnnom.

238 1203 331 1247 indicat
339 1197 392 1254 regi
401 1195 472 1238 Creon
481 1207 511 1237 cc
520 1191 693 1242 mummia,
704 1206 742 1234 reu
754 1192 827 1237 mco&
836 1193 982 1243 sctcmantic

184 1259 319 1305 intellexisse
327 1271 360 1305 se,
371 1250 546 1308 interfectorem
554 1247 611 1291 Lati
623 1245 820 1304 Oedipmnfuiue.
853 1248 982 1305 Illefretuc

185 1317 292 1374 opinione
301 1327 342 1357 suc
352 1315 378 1354 de
387 1307 475 1406 ¹Petito
483 1311 555 1361 patre
562 1310 645 1358 negat,
657 1310 741 1360 etpost
749 1305 827 1361 iurgia
838 1303 983 1349 Creontemin

185 1384 299 1418 carcerem
309 1379 391 1412 comm
401 1378 425 1406 m
440 1369 469 1406 et.

246 1479 263 1514 o
272 1476 325 1513 nn.
344 1423 419 1507 Etsi
429 1457 488 1521 ipse
498 1452 589 1504 vuitus
600 1450 703 1504 flebiles
714 1453 835 1519 praefert
847 1461 941 1516 notas,

244 1535 396 1599 Expromc,
409 1525 485 1577 cuius
496 1524 586 1591 capite
598 1522 736 1589 placemus
748 1523 822 1576 deos.

248 1618 296 1654 cn.
314 1599 379 1652 Fari
388 1596 480 1657 iubes,
490 1601 584 1645 tacere
595 1608 664 1661 quae
675 1594 772 1644 suadet
783 1601 881 1646 metus.

187 1676 237 1727 510
249 1685 322 1723 onn.
342 1668 371 1720 Si
382 1672 409 1718 te
420 1670 529 1716 ruentes
541 1679 594 1713 non
606 1663 673 1713 satis
683 1661 797 1715 Thebae
808 1669 926 1727 movent,

245 1745 279 1793 At
290 1745 401 1806 sceptra
411 1742 539 1787 moveant
548 1732 627 1799 lapsa
637 1739 770 1801 cognatae
782 1734 886 1785 domus.

248 1826 296 1862 cm
315 1808 442 1861 Nescisse
454 1805 564 1871 cupies,
574 1818 656 1853 nosse
666 1818 736 1871 quae
747 1804 856 1853 nimium
873 1805 978 1869 expetis

247 1894 320 1931 onn.
339 1879 415 1929 Iners
424 1874 558 1927 maiorum
568 1871 717 1924 remedium
727 1873 881 1941 ignorantia
891 1879 941 1924 est.

245 1952 323 2002 itane
335 1954 363 1999 et
374 1946 469 1998 salutis
480 1942 607 2012 publicae
618 1941 746 1993 indicium
759 1942 874 1994 obruesi

186 2022 235 2076 515
250 2035 298 2071 cn.
316 2017 368 2070 Ubi
378 2016 465 2083 turpis
475 2019 518 2066 est
527 2012 676 2075 medicina,
686 2013 776 2062 sanari
788 2014 869 2079 piget.

247 2102 321 2140 oren.
339 2085 438 2137 Audita
448 2084 520 2147 fare3
531 2082 575 2133 rel
585 2080 657 2133 maio
668 2082 786 2132 domitus
796 2082 881 2150 gravi,

247 2158 318 2221 Quid
330 2171 406 2208 arma
417 2154 522 2222 possint
531 2152 605 2220 regis
614 2151 691 2211 irati,
703 2152 782 2203 scies.

248 2244 297 2280 cn.
317 2226 407 2278 Odere
417 2240 497 2293 reges
507 2222 595 2284 dicta,
606 2237 676 2290 quae
687 2221 741 2272 dici
751 2221 852 2273 iubent.

248 2311 324 2348 orn.
341 2296 460 2348 Mitteris
470 2293 562 2343 Erebo
572 2290 624 2342 vile
635 2306 686 2359 pro
699 2292 802 2342 cunctis
813 2297 904 2359 caput,

189 2373 238 2421 52⁰
249 2370 355 2420 Arcena
365 2366 436 2419 sacri
447 2377 515 2414 voce
525 2363 553 2413 ni
563 2362 664 2430 retegis
675 2366 732 2413 tua.

250 2452 299 2488 cn.
318 2438 423 2487 Tacere
435 2435 524 2486 liceat.
561 2430 643 2483 Nulla
651 2431 763 2483 hbertas
774 2431 863 2481 minor

248 2509 346 2573 Arege
356 2506 467 2571 petitur.
505 2513 579 2552 orn.
598 2498 688 2569 Saepe
697 2501 740 2552 vel
749 2500 842 2567 lingua
851 2502 938 2569 magis

247 2576 315 2643 Regi
326 2579 407 2640 atque
417 2587 502 2641 regno
513 2578 589 2622 muta
598 2570 711 2623 libertas
722 2569 807 2622 obest.

251 2659 299 2695 cn.
319 2644 372 2695 Ubi
381 2658 435 2693 non
445 2642 511 2693 licet
522 2646 629 2703 tacere,
641 2640 705 2708 qnid
716 2640 840 2707 cuiquam
851 2639 932 2691 licet!

189 2716 239 2767 525
252 2727 327 2764 orn.
346 2712 464 2778 imperia
474 2710 567 2772 solvit,
596 2711 624 2760 ni
634 2710 820 2772 tacet,iussus
831 2710 913 2777 loqui.

250 2798 300 2835 cn.
319 2783 424 2835 coacta
433 2779 516 2831 verba
526 2727 649 2845 placidus
661 2779 796 2847 accipias,
806 2794 913 2846 precor.
