2150 3125
843 52 929 223 di*
960 43 1001 130 n

197 245 248 295 sss
403 246 437 298 n.
464 246 623 300 inurar
653 248 818 301 sauses
847 224 852 271 ³

255 349 355 400 Priami
365 351 496 416 superbas
508 367 623 419 corpore
635 354 745 403 exuvias
755 369 860 421 gerens.

254 418 406 471 Detrahere
415 420 502 470 cuitus
513 436 582 471 uxor
593 420 706 473 hostiles
715 423 798 487 iubet,

253 490 368 539 induere
380 491 469 556 potius
481 492 603 559 coniugis
614 492 685 543 fidae
695 508 776 543 manu

193 561 243 610 875
255 560 360 609 'sextos
371 560 494 610 amictus.
530 560 640 612 Horren
651 568 733 629 atque
744 564 833 613 animo
845 571 944 616 tremo.

253 631 389 696 Regemne
400 631 515 696 perimet
524 630 600 692 exui,
612 637 641 681 et
651 632 756 683 adulter
766 633 868 682 virumi

254 698 360 751 Venere
370 697 441 748 fatae
452 701 609 767 sanguinem
622 707 758 751 extremae
770 702 853 768 dapes

254 768 360 818 Domini
372 769 514 831 videbunt,
525 776 554 819 et
565 784 646 820 eruor
657 770 766 821 Baccho
778 771 886 823 incidet.

253 837 397 887 Mortifera
407 838 526 888 vinetum
536 840 656 906 perfidae
667 840 757 891 tradet
769 842 827 891 neci

193 908 243 957 880
255 907 351 957 induta
361 909 456 957 vestisr
468 909 569 958 exitum
581 910 702 959 manibus
715 917 804 975 negat,

253 978 393 1043 Caputque
402 977 457 1026 laxi
468 984 495 1026 et
504 979 567 1027 invii
581 977 692 1028 eludunt
700 981 782 1029 sinus.
836 993 839 999 ·

253 1047 354 1096 Haurit
362 1048 489 1096 trementi
498 1048 607 1097 semivir
617 1045 714 1098 dextra
725 1048 806 1112 latus,

254 1116 311 1165 Nee
322 1117 428 1180 penitus
440 1115 536 1182 adigit:
548 1117 658 1167 vulnere
669 1119 696 1166 in
707 1118 795 1169 medio
806 1124 907 1183 stupet

254 1186 356 1247 Atilio,
368 1191 398 1235 ut
409 1184 470 1235 altis
481 1182 602 1252 hispidus
612 1186 685 1235 silvis
696 1202 771 1253 aper,

194 1256 244 1304 885
256 1257 322 1305 Cum
334 1269 411 1305 casse
422 1256 528 1304 vinetus
537 1264 627 1305 tentat
637 1271 762 1323 egressus
771 1263 872 1318 tamen,

254 1328 400 1391 Arctatque
412 1330 487 1374 motu
497 1325 598 1387 vinela,
610 1331 638 1375 et
646 1326 783 1376 ineassum
793 1324 868 1387 furit,

255 1395 335 1461 Cupit
345 1392 459 1444 fluentes
469 1394 587 1461 undique
598 1401 626 1444 et
636 1409 735 1445 ooeoos
747 1396 819 1445 sinus

255 1464 405 1525 Dissicere,
416 1470 445 1513 et
454 1461 561 1514 hostem
573 1465 679 1530 quaerit
687 1464 833 1531 implicitus
844 1480 930 1515 suum.

254 1535 347 1583 Armet
355 1533 463 1599 bipenni
477 1533 613 1599 Tyndaris
624 1533 748 1585 dextram
758 1534 864 1598 furens3

193 1604 244 1653 890
257 1603 402 1670 qualisque
414 1603 448 1652 ad
459 1618 520 1653 aras
533 1603 603 1653 colla
615 1611 754 1654 taurorum
764 1606 825 1671 pius

254 1674 386 1739 Designat
398 1672 497 1734 oeulis,
508 1678 653 1739 antequam
663 1672 736 1724 ferro
748 1680 836 1741 petat:

253 1741 297 1792 Sic
308 1740 360 1792 hnc
372 1749 401 1793 et
409 1741 472 1792 illuc
483 1744 593 1808 impiam
604 1742 684 1793 librat
694 1758 810 1794 menum.

251 1812 356 1874 Habet3
367 1819 508 1878 peractum
520 1810 575 1862 est!
595 1811 696 1877 pendet
705 1813 803 1880 exigua
813 1813 882 1863 male

250 1883 338 1947 Caput
348 1887 517 1949 amputatum
528 1888 619 1946 parte3
632 1888 660 1931 et
668 1879 731 1931 hino
741 1889 838 1932 trunco
850 1898 932 1933 cruor

191 1952 240 2002 895
252 1951 391 2012 Exundat,
402 1951 475 2001 illine
486 1965 535 2000 ora
547 1965 607 2000 eum
619 1949 728 2000 fremitu
737 1952 836 2002 iacent

250 2019 375 2071 Nondum
386 2018 530 2083 recedunt;
539 2019 585 2071 ille
595 2022 649 2070 iam
659 2022 809 2071 exanimem
821 2022 898 2087 petit,

250 2090 424 2157 Lacon-atque
435 2104 547 2156 eorpus3
560 2088 607 2138 illa
616 2087 764 2140 fodientem
777 2090 895 2140 adiuvat.

250 2161 369 2226 Uterque
380 2165 457 2209 tanto
469 2159 571 2210 scelere
582 2159 729 2224 respondet
740 2161 806 2210 suis:

251 2231 300 2279 Est
312 2227 356 2279 hie
367 2227 490 2295 Thyeste
500 2235 594 2290 natus,
605 2225 672 2278 haee
683 2228 804 2280 Helenae
814 2244 901 2280 soror.

191 2300 241 2348 9⁰0
252 2297 313 2349 Stat
324 2297 400 2349 ecoe!
422 2299 504 2347 'l'itan
516 2297 612 2346 dubius
625 2299 737 2348 emerito
750 2298 801 2360 die,

259 2366 348 2418 Suane
359 2373 463 2429 currat,
475 2382 508 2416 an
519 2364 679 2432 Thyestaea
688 2368 740 2418 via.
