2150 3125
298 238 453 293 MEDEA.
488 243 577 294 ΛΒΤ.
598 243 644 295 lll.

81 343 158 407 Non,
169 343 216 395 ubl
225 341 354 396 hibernos
363 343 510 396 nebulosae
519 346 619 399 imbree

80 415 181 467 Auster
191 413 313 479 advexit3
326 422 508 483 properatque
518 420 626 468 torrens

80 484 167 547 luter,
178 490 206 536 et
215 485 324 535 iunetoa
334 490 409 537 vetat
420 502 480 537 ease
491 492 598 553 pontes,

495 558 532 605 Ao
542 570 627 625 vagus
647 564 733 625 errat3

83 622 158 686 Non,
170 622 217 674 ubi
225 622 339 689 impellit
349 622 496 675 Rhodanus
506 624 684 692 profundum

82 695 135 744 Aut
146 694 193 743 ubi
202 693 231 743 in
241 694 315 744 rlroe
328 694 432 743 nivibus
444 694 540 745 solutis

82 761 147 816 Sole
156 764 212 814 iam
222 762 287 813 lorti
299 762 442 831 medioque
453 780 518 815 vere

495 832 599 885 Tabuit
611 834 739 889 Haemus.

83 904 189 955 coecus
200 907 242 953 eet
252 901 322 970 ignis
332 901 487 953 stimulatus
496 903 549 966 ira,

83 971 141 1023 Nee
154 973 212 1041 regi
223 976 314 1033 curat,
325 972 461 1038 patiturve
471 971 579 1036 frenos;

83 1042 165 1093 Haud
176 1042 254 1093 timet
263 1046 393 1092 mortem:
405 1043 481 1108 eupit
490 1043 531 1093 ire
541 1043 568 1092 in
578 1044 653 1110 ipsos

496 1112 599 1165 obviae
610 1129 696 1167 unaue.

83 1180 205 1242 Parcite,
218 1194 234 1230 o
245 1177 311 1230 divll
323 1182 428 1233 veniam
440 1197 592 1248 precamur,

83 1249 165 1301 Vivat
175 1255 207 1300 ut
215 1255 304 1312 tutus,
315 1265 391 1301 rnare
402 1253 447 1319 qui
457 1250 573 1321 subegit

84 1318 138 1370 Sed
149 1318 215 1371 furit
223 1320 295 1371 vinei
304 1320 428 1371 dominae
440 1320 566 1387 profundi

496 1393 591 1460 Regna
601 1395 727 1445 secunda.

83 1460 170 1509 Ausus
181 1464 307 1510 aeternos
355 1460 424 1513 ’tare
435 1475 530 1513 ourrue

83 1530 227 1581 lmmemor
236 1533 326 1582 metae
346 1531 440 1583 uvenia
452 1538 591 1598 paternae,

85 1601 161 1662 Quoa
168 1599 232 1666 polo
243 1601 356 1666 aparuit,
367 1599 486 1654 furiosus
495 1603 572 1670 ignee

494 1673 557 1739 lpse
568 1675 679 1739 recepit.

83 1740 212 1790 Constitit
221 1738 284 1790 nulli
296 1740 339 1791 via
349 1745 415 1792 nota
425 1757 533 1810 magno.

83 1808 174 1872 Vade,
184 1823 239 1877 qua
247 1815 336 1860 tutum
347 1811 448 1878 populo
460 1811 559 1877 priori3

82 1879 187 1946 Rumpe
197 1894 248 1930 nee
259 1893 351 1943 sacro,
362 1881 494 1943 violente,
505 1889 601 1932 saneta

493 1950 618 2004 Foedera
627 1951 731 2004 mundi!

83 2017 210 2086 Quisquis
222 2018 331 2070 audacie
341 2019 433 2086 tetigit
441 2021 550 2072 carinae

82 2087 194 2140 Nobiles
205 2103 308 2150 remos,
319 2089 491 2158 nemorisque
501 2091 572 2144 aaurl

81 2157 177 2210 Pelion
188 2158 272 2210 denua
282 2157 409 2225 spoliarit
417 2161 526 2226 umbra;

84 2228 210 2296 Quisquie
220 2229 333 2279 intravit
342 2229 469 2295 scopulos
479 2235 620 2301 vagantes,

82 2300 119 2349 Et
128 2302 172 2349 tot
181 2312 306 2350 emensus
317 2298 406 2366 pelagi
417 2299 534 2363 laboree,

82 2367 205 2419 Barbara
213 2366 305 2420 lunern
316 2368 441 2437 religavit
453 2385 511 2433 ora,

81 2439 185 2504 Raptor
194 2438 299 2490 externi
309 2437 445 2490 rediturus
457 2440 528 2492 auri:

81 2508 163 2560 Exitu
175 2507 234 2558 diro
245 2512 380 2560 temerata
387 2510 464 2574 ponti

493 2581 556 2632 lura
566 2583 658 2648 piavit.

82 2647 104 2698 Il
124 2646 132 2662 '
162 2652 175 2699 t
185 2661 287 2714 poenae
298 2664 374 2700 mare
384 2655 572 2717 provocatum.

82 2718 133 2783 Tip
153 2732 187 2783 ye
198 2718 225 2766 in
237 2717 329 2782 primia
341 2718 459 2770 domitor
469 2719 596 2786 profundi

85 2786 176 2855 Liquit
184 2784 297 2837 indocto
308 2789 428 2855 regimen
440 2791 584 2858 uragistroz

145 2855 221 2906 San.
239 2857 345 2907 Taua.
652 2867 676 2925 Q
