2150 3125
161 201 212 252 100
377 195 411 245 L.
429 193 585 245 ANNAEI
598 193 805 246 SENECAE·

221 302 258 354 Et
267 315 360 351 rursus
369 298 441 349 illinc
452 298 551 365 abiget.
588 299 694 360 Exoro,
705 314 739 349 an
750 300 821 364 patri

219 369 331 422 Invideo
342 365 451 419 restroi
465 369 540 430 veni,
551 373 583 418 ut
592 383 714 419 arcerem
724 367 814 430 nefas,

222 443 260 491 An
271 444 302 489 ut
311 437 430 488 riderem
441 435 570 503 propiunt
582 465 614 475 -
624 438 678 487 Hie
689 436 792 488 ferrum
803 437 919 499 abdidit,

221 509 338 561 Reatinis
349 505 469 569 hastam,
481 513 510 558 et
521 521 597 557 arma
607 506 697 558 deiixa
707 507 846 557 incubans.

160 582 211 631 500
222 578 263 629 Ad
274 584 301 628 te
312 592 407 643 preces
418 592 503 640 nune,
514 581 611 644 gnate,
622 581 759 627 maternas
769 575 869 638 ieram3

222 647 277 700 Sed
289 652 352 697 ante
364 647 497 697 lacrimas.
534 646 629 697 Teneo
639 646 721 713 longo
732 651 856 712 tempere

220 719 313 769 Petita
323 716 394 766 rotis
405 730 461 765 ora
497 715 539 766 Το
550 714 695 782 profugum
705 714 765 766 solo

221 787 316 838 Patrio
327 790 439 850 penates
450 785 522 852 regis
533 784 637 836 externi
649 789 758 853 tegunt:

221 856 263 907 Te
273 855 360 905 maria
369 859 412 904 tot
422 854 541 916 diversa,
551 859 595 904 tot
604 868 683 905 casus
694 869 792 922 vagum

160 928 211 980 ⁵⁰5
224 927 326 992 Egerer
337 928 429 974 nante
440 922 518 973 duxit
526 924 554 972 in
563 920 698 974 thalamos
709 938 808 988 parens

222 995 360 1046 comitata
369 993 484 1059 primos,
495 1007 547 1044 nee
557 1007 608 1042 sua
617 991 703 1043 festas
714 1007 794 1043 manu

223 1063 336 1115 Ornarit
347 1060 442 1124 aedes,
452 1076 560 1112 neesua
568 1060 656 1112 laetas
665 1061 741 1113 iaces

223 1132 301 1185 Vitta
310 1131 440 1193 revinxit3
452 1129 524 1181 dona
534 1147 588 1181 nen
600 1146 666 1182 auro
677 1146 774 1199 graves

223 1203 315 1254 Gazas
325 1215 418 1263 socer,
429 1215 482 1251 non
494 1216 572 1262 arra,
585 1215 639 1251 non
648 1201 731 1251 nrbes
741 1199 829 1251 dedit:

164 1275 215 1325 510
226 1269 330 1323 Dotale
340 1268 440 1320 beilum
452 1275 502 1320 est.
537 1270 666 1320 Hostium
678 1286 708 1321 es
718 1267 809 1320 factus
818 1283 915 1337 gener,

228 1340 324 1392 Patria
332 1344 467 1401 remotus,
479 1337 579 1406 hospes
590 1339 670 1391 alieni
680 1339 758 1400 laris,

221 1412 345 1462 Externa
355 1414 532 1472 consecutus,
544 1409 672 1476 expulsus
683 1409 750 1470 tuis,

221 1479 285 1531 Sine
297 1479 408 1529 crimine
420 1479 489 1530 exul.
525 1477 566 1529 Ne
578 1477 642 1546 quid
652 1494 668 1530 e
678 1478 742 1529 fatis
752 1476 803 1527 tibi

220 1551 339 1602 Deesset
349 1548 482 1617 paternis,
493 1546 546 1600 hoc
557 1565 664 1617 quoque
674 1564 709 1600 ex
719 1547 771 1598 illis
779 1544 878 1608 habes,

161 1618 211 1670 515
223 1620 339 1671 Errasse
349 1616 485 1670 thalamis.
522 1617 626 1682 Gnate,
637 1624 701 1686 post
711 1616 811 1668 multos
821 1613 887 1666 mihi

220 1690 343 1741 Remisse
354 1686 440 1752 soles3
450 1694 532 1758 gnate
544 1704 692 1755 suspensae
702 1692 791 1737 metus

221 1760 258 1810 Et
268 1773 331 1825 spes
342 1760 477 1823 parentis,
489 1759 565 1809 euius
575 1758 735 1824 adspectum
746 1756 813 1806 deos

221 1826 334 1894 Semper
344 1828 452 1895 rogavi3
463 1844 524 1879 eum
535 1834 599 1879 tuus
610 1827 714 1880 reditus
724 1823 787 1876 mihi

221 1898 340 1948 Tantum
352 1902 425 1947 esset
435 1903 578 1965 erepturus
588 1897 706 1949 adventu
715 1901 777 1957 tuo,

160 1966 211 2015 52⁰
224 1966 360 2027 Quantum
372 1965 497 2018 daturus:
510 2003 527 2029 ‚‚
535 1966 650 2028 Quando
662 1982 712 2033 pro
724 1971 751 2016 te
761 1963 910 2027 desinam,“

219 2035 294 2097 Dixi,
304 2034 458 2098 ‚,tinrerei“
469 2036 548 2087 Dixit
556 2036 670 2087 irridens
682 2036 761 2086 deus:

221 2106 311 2171 ipsum
322 2104 437 2155 timebis.
473 2104 579 2173 Nempe
588 2107 640 2158 nisi
650 2105 749 2156 bellum
759 2103 841 2165 foret,

222 2174 279 2241 Ego
292 2178 319 2224 te
331 2188 465 2239 carerem
477 2191 573 2242 nempe
584 2177 648 2226 situ
659 2174 806 2235 rariores,

220 2243 296 2294 Beda
308 2258 437 2295 carerem.
474 2246 566 2296 Triste
576 2250 739 2311 conspectus
749 2245 826 2294 datur

160 2312 211 2364 525
222 2313 343 2363 Pretium
354 2314 393 2363 tui
405 2314 569 2382 durumque;
580 2315 627 2366 sed
639 2315 719 2365 matri
731 2313 828 2381 placet.

220 2382 291 2432 Hine
301 2380 383 2433 modo
394 2384 525 2435 recedant
535 2399 624 2444 arma,
636 2384 698 2434 dum
710 2382 811 2433 nullum
822 2378 898 2433 nefas

219 2452 294 2501 Mars
305 2453 497 2505 saevusaudet.
508 2455 862 2521 Hocquoqueestrnagnum
872 2450 958 2513 nefas,
1050 2444 1054 2450 ’

220 2522 289 2571 Tam
301 2535 385 2588 prope
395 2521 487 2575 fuisse.
524 2522 627 2589 Stupeo
639 2529 667 2574 et
677 2523 807 2591 exanguis
817 2526 919 2581 tremo,

221 2591 286 2641 Cum
298 2596 371 2642 stare
382 2590 482 2644 fratres
492 2590 555 2644 hine
566 2599 595 2644 et
605 2591 667 2644 hine
678 2594 757 2643 rideo
768 2592 837 2643 duos

160 2659 210 2709 530
223 2658 339 2711 Sceleris
350 2661 399 2711 sub
410 2663 481 2726 ictu3
492 2663 615 2715 membra
625 2668 788 2731 quassantur
798 2669 880 2713 metu.

220 2729 307 2792 Quam
319 2746 406 2797 paene
416 2738 504 2783 mater
513 2734 600 2784 maius
612 2732 723 2799 adspexi
735 2731 821 2793 nefas,
