2150 3125
185 227 408 281 HERCULES
429 229 630 280 OE'l‘AEUS.
665 232 792 282 Ac'r.1.
833 234 882 283 29⁷

82 334 166 400 Fugit
175 333 263 383 vultus
274 331 424 384 Philomela
434 349 508 395 suos,

84 402 257 470 Gnatumque
269 409 349 453 sonat
360 401 456 453 flebilis
467 400 567 452 Atthis:

83 473 137 522 Cur
147 487 209 522 mea
217 471 335 522 nondum
344 473 454 537 capiunt
464 471 589 522 volucres

81 539 202 592 Brachia
211 539 335 608 plumasl
354 541 444 603 Felix,
456 539 528 603 felix,

82 612 150 660 Cum
160 610 228 662 silva
238 611 333 662 domus
347 616 441 660 nostra
451 607 564 673 feretur,

81 680 231 747 Patrioque
241 681 339 732 sedens
349 679 405 730 ales
416 681 443 730 in
455 694 520 746 agro

81 747 210 801 Referam
223 749 335 816 querulo
345 763 481 800 murmure
492 765 582 813 casus,

83 818 285 887 volucremque
297 819 370 870 lolen
380 817 455 869 fama
464 818 604 886 loquetur!

83 888 160 951 Vidi,
173 889 228 939 ridi

83 958 241 1010 Miseranda
252 959 305 1010 mei
315 955 374 1008 lata
386 958 514 1024 parentis,

85 1029 152 1079 Cum
162 1026 270 1079 letifero
282 1027 374 1094 stipite
386 1026 488 1093 pulsus,

83 1099 159 1148 Tota
168 1098 253 1148 iacuit
262 1112 372 1164 sparsus
383 1097 410 1147 in
422 1097 492 1148 aula.

84 1165 173 1229 Proh,
185 1168 207 1217 si
219 1167 350 1217 tumulum
360 1163 420 1217 luta
430 1166 577 1231 dedissent,

85 1237 200 1298 Quoties
211 1237 319 1305 genitor
330 1236 500 1303 quaerendus
511 1237 585 1288 eras!

85 1307 203 1357 Potuinc
214 1312 289 1357 tuem
299 1311 425 1372 spectare
437 1321 541 1368 necem,

86 1374 212 1426 Nondum
223 1381 331 1428 teneras
341 1375 439 1426 vestite
450 1390 544 1442 genus,

86 1443 210 1497 Necdum
222 1443 288 1495 lorti
298 1445 437 1512 sanguine,
447 1445 561 1496 Toxeut

88 1514 159 1577 Quid
170 1521 261 1567 vestra
271 1529 370 1583 queror
379 1513 449 1578 lata,
463 1523 599 1581 parentes,

90 1586 165 1647 Quos
174 1586 203 1635 in
213 1590 301 1635 tutum
313 1599 386 1635 mors
397 1600 485 1652 aeque
495 1585 573 1636 tuutt

88 1656 152 1706 Mea
163 1670 205 1705 me
215 1654 341 1705 lacrimas
351 1653 463 1705 fortuna
473 1662 566 1723 rogata

87 1725 199 1776 lamiam
212 1724 337 1775 dominae
348 1725 456 1791 captiva
466 1724 541 1776 colos

87 1796 228 1861 Fusosque
237 1793 335 1861 legam.
371 1792 446 1844 Proh
457 1809 537 1845 saeve
549 1794 640 1857 decor,

87 1865 241 1931 Formaque
252 1869 369 1914 mortem
380 1863 502 1929 paritura
511 1861 587 1927 mihi,

88 1934 151 1984 'l'ibi
163 1940 262 1985 cuneta
273 1932 369 1983 domus
381 1932 500 1983 concidit
508 1934 563 1995 uni,

88 2004 159 2054 Dum
171 2020 214 2055 me
223 2004 331 2071 genitor
341 2009 423 2071 negat
431 2002 551 2064 Alcidae,

89 2076 175 2140 Atque
185 2072 337 2123 Herculeus
348 2087 426 2123 socer
437 2086 497 2123 esse
508 2071 598 2124 timet!

90 2142 144 2193 Sed
153 2144 209 2193 iam
220 2142 345 2193 dominae
357 2147 432 2193 tecta
442 2147 578 2209 petantur.

90 2226 190 2263 cnon.
202 2212 271 2274 Quid
284 2226 368 2279 regne
377 2212 420 2262 tui
431 2211 504 2263 clara
514 2215 643 2278 parentis,

88 2283 265 2349 Proarosque
277 2288 339 2333 tuos
350 2282 462 2347 respicis
473 2281 583 2333 emensi

89 2353 189 2419 Fugiat
199 2352 288 2402 vultus
300 2350 410 2402 fortuna
421 2352 503 2418 prior.

88 2421 179 2485 Felix,
192 2422 310 2488 quisquis
320 2422 396 2471 novit
405 2420 535 2472 famulum

89 2492 244 2559 Regemque
256 2491 320 2556 pati,

89 2559 243 2627 Vultusque
254 2566 345 2626 potest
355 2561 461 2611 variare
472 2558 548 2610 suos!

89 2630 191 2696 Rapuit
201 2630 272 2680 vires
284 2630 442 2696 pondusque
453 2629 541 2693 malis,

91 2702 177 2751 Casus
188 2700 278 2749 animo
291 2700 335 2765 qui
345 2699 407 2749 tulit
418 2714 512 2767 aequo.

399 2810 605 2821 nn*—

833 409 883 456 2⁰0
