2150 3125
287 252 481 306 oc'rnvln.
501 255 579 304 ACT.
591 255 611 304 l.

63 360 243 425 Renovatque
254 355 342 406 luctus
353 363 381 406 et
392 361 479 407 metus
492 361 608 408 miserae
618 355 691 409 mihi.

62 429 148 480 Adice
159 425 201 476 his
212 425 357 492 superbam
369 426 507 492 pellicem,
519 431 630 483 nostrae
642 427 738 479 domus

64 497 167 564 Spoliis
177 496 322 558 nitentem3
334 497 410 546 cuius
420 497 448 545 in
460 511 557 546 munus
568 511 644 546 suam

64 567 180 633 Stygiae
193 570 333 632 parentem
345 570 425 615 natus
436 566 567 632 imposuit
574 568 636 628 rati,

65 639 155 698 Quam
166 635 227 685 dira
237 640 300 700 post
310 633 454 701 naufragia
464 642 594 702 superato
605 637 671 686 mari

63 707 152 756 Ferro
162 705 313 766 interemit,
325 706 432 756 saevior
442 704 532 772 pelagi
544 704 629 756 fretis.

63 779 144 838 Quae
155 789 217 840 spes
229 773 324 824 salutis
335 778 399 840 post
408 773 484 825 nefas
495 780 600 824 tantum
612 773 693 824 mihil

63 845 179 896 inimica
190 843 287 893 victrix
297 844 420 894 imminet
429 841 556 894 thalamis
565 846 646 909 meis;

64 914 192 981 odioque
203 913 289 963 nostri
300 911 412 979 flagrat,
424 919 451 964 et
463 915 579 978 pretium
590 917 677 980 stupri

64 987 158 1034 iustae
169 983 295 1033 maritum
308 982 429 1049 coniugis
442 989 535 1050 captat
546 990 636 1052 caput.

66 1058 214 1120 Emergere
225 1051 317 1113 undis,
329 1058 357 1102 et
368 1049 411 1102 ier
421 1051 550 1102 auxilium
561 1059 625 1104 tuae

64 1122 156 1175 Notae
166 1122 317 1182 invocanti,
327 1122 447 1188 genitor3
459 1127 507 1172 aut
518 1119 632 1190 Stygios
642 1124 716 1174 sinus

64 1191 178 1242 Tellure
189 1196 272 1256 rupta
282 1190 385 1257 pande,
397 1205 450 1258 quo
462 1206 594 1258 praeceps
606 1191 692 1244 ferar!

65 1277 82 1312 n
91 1275 109 1312 u
116 1275 134 1310 r
141 1274 168 1310 m
179 1259 293 1311 Frustra
303 1261 423 1326 parentis
433 1261 544 1310 invocas
556 1276 649 1313 manes
659 1262 708 1323 tui,

63 1329 233 1390 Miseranda,
244 1328 355 1392 frustra,
367 1329 439 1380 nulla
449 1332 492 1380 cui
503 1330 588 1396 prolis
598 1347 664 1382 suae

64 1400 163 1452 Manet
172 1399 244 1450 inter
253 1398 363 1449 umbrae
374 1413 454 1460 cura3
466 1399 512 1468 qui
521 1407 588 1451 nato
598 1416 648 1451 suo

66 1467 213 1522 Praeferre
224 1469 315 1536 potuit
324 1469 453 1536 sanguine
465 1467 554 1520 alieno
564 1476 663 1532 satum,

67 1539 251 1608 Genitamque
261 1537 353 1589 fratris
366 1539 507 1607 coniugem
520 1545 616 1607 captus
626 1539 677 1592 sihi

65 1610 150 1662 'roris
160 1608 284 1661 nefandis
295 1608 378 1659 flebili
387 1610 475 1659 iunxit
485 1608 555 1661 iace.

67 1681 140 1731 ilinc
150 1685 213 1731 orta
223 1680 307 1729 series
317 1677 482 1738 facinorum,
494 1680 608 1743 caedes,
620 1680 684 1742 doli,

64 1750 154 1817 Regni
162 1748 275 1816 cupido,
287 1750 423 1816 sanguinis
435 1748 485 1799 diri
496 1750 567 1799 sitis:

65 1820 193 1871 Mactata
203 1819 292 1869 soceri
303 1818 423 1869 concidit
433 1815 559 1869 thalamis
569 1833 653 1885 gener

66 1888 200 1949 Victima,
210 1889 265 1938 tuis
275 1902 309 1937 ne
319 1887 398 1938 lieret
407 1884 566 1953 hymenaeis
577 1893 683 1954 potens.

65 1957 141 2011 Proh
152 1956 258 2009 facinus
268 1955 377 2024 ingens!
389 1955 506 2009 feminae
516 1963 560 2009 cst
570 1973 666 2008 munus
677 1958 757 2010 datus

67 2029 189 2089 Silanus,
201 2033 229 2078 et
239 2042 336 2078 cruore
347 2025 470 2077 foedavit
480 2042 530 2077 suo

66 2098 176 2150 Patrios
186 2102 308 2163 penates,
320 2097 437 2147 criminis
449 2097 504 2147 lioti
514 2111 586 2148 reus.

68 2168 182 2220 intrant
193 2164 280 2217 hostis
290 2163 335 2217 hei
344 2164 422 2217 mihi!
435 2172 542 2233 captam
554 2167 663 2218 domum

66 2237 145 2289 [lolis
154 2251 304 2298 novercae,
316 2236 450 2301 Principis
460 2234 550 2287 lachis
560 2252 653 2304 gener,

66 2307 196 2375 idemque
206 2310 299 2367 natus,
310 2306 413 2355 iuvenis
423 2304 527 2356 infandi
536 2306 628 2374 ingeni

66 2379 215 2444 Cepaxque
225 2375 371 2437 scelerum,
382 2376 441 2426 dira
452 2375 495 2425 cui
505 2377 622 2443 genitrix
632 2374 721 2426 facem

67 2446 213 2507 Accendit,
224 2450 253 2497 et
261 2451 289 2497 te
299 2446 386 2496 iunxit
395 2446 507 2495 invitam
518 2451 606 2508 metu3

63 2518 212 2583 Tantoque
223 2516 322 2566 victrix
332 2512 408 2566 iacta
419 2530 548 2565 successu
558 2514 638 2566 ferox

64 2588 140 2637 ,husa
149 2586 289 2637 imminere
301 2590 343 2636 est
355 2585 428 2635 orbis
439 2586 552 2651 imperio
564 2586 642 2637 sacri.
819 2585 867 2633 155

66 2657 134 2718 Quis
145 2660 189 2705 tot
199 2653 302 2706 rsierre
311 2652 576 2719 facinsrrumlormas
588 2661 686 2722 potest,

67 2728 103 2776 Et
114 2740 177 2792 spes
188 2723 319 2775 nefandas
329 2723 460 2784 feminae,
473 2729 502 2774 et
510 2725 625 2776 blandos
637 2725 713 2775 dolos

67 2797 188 2862 Regnum
200 2796 317 2860 petentis
328 2810 376 2861 per
387 2793 486 2860 gradus
498 2796 629 2847 scelerum
642 2794 776 2846 omniuml
